=LDR  01828aam a2200205   4500
=001  19479
=005  20250925143306.0
=008  120328s1998\\\\\\\\\\\\\\\\\\\\\\0\dut
=020  \\$a9789061686293
=041  \\$adut
=100  \\$aGroot, Ger$4ivr$920541
=245  \\$aTwee zielen:$bGesprekken met hedendaagse filosofen
=260  \\$aAmsterdam$bSUN$c1998
=300  \\$a317 pages
=520  \\$aTwee zielen bevat achttien gesprekken met filosofen die vertellen over de kernthema's in hun werk. Ze variëren van het raadsel van God (Gianni Vattino) tot de lof van het huwelijk (Julia Kristeva), van beschouwelijkheid (Cornelis Verhoeven) tot het heroische leven (Michel Onfray, Fernando Savater), van het belang van de literatuur (Richard Rorty, Paul Ricoeur) tot de geheime leegte van de democratie (Claude Lefort). Maar, zoals Hans-Georg Gademar in een van de gesprekken zegt, elke filosofische uitwisseling is tegenspraak en begrip tegelijk. En zo kan Charles Taylor in dit boek beklemtonen dat het samenleven van verschillende groepen compromissen vraagt, en Alain Finkielkraut volhouden dat tolerantie nooit de laatste waarde mag zijn. Zo kan Rene Girard erop wijzen dat elke redelijkheid tenslotte botst op geweld en rudiger Safranski spreken over het kwaad aks een onontkoombaar realiteit, terwijl Alvin Plantinga in diezelfde werkelijkheid een vingerwijzing ziet naar God, wiens bestaan voor hem onomstotelijk vaststaat. Twee zielen: die zijn in elk gesprek. En ze zijn niet altijd een van gedachte.
=648  \0$a20th Century (1901-2000)$1http://www.wikidata.org/entity/Q6927$920936
=650  \0$aPhilosophy$1http://www.wikidata.org/entity/Q5891$92357
=942  \\$cBOO
=952  \\$00$10$2ddc$40$6PHI_GROO_A$70$8PHI$919545$aORPH$bORPH$cKM12_3_2$d2021-08-11$g715.00$oPHI GROO a$p20133711$r2021-01-12 00:00:00$w2021-01-12$yBOO
=999  \\$d19479

