=LDR  01661aam a2200229   4500
=001  19481
=005  20250925143306.0
=008  120203s1997\\\\\\\\\\\\\\\\\\\\\\0\eng
=020  \\$a9780393967005
=041  \\$aeng
=100  \\$aStrunk, Oliver$d1901-1980$1http://www.wikidata.org/entity/Q1266266$4edt$920308
=245  \\$aThe Twentieth Century
=260  \\$aNew York$bNorton$c1997
=300  \\$a264 pages
=490  \\$aStrunk's Source Readings in Music History$v7
=520  \\$aTwentieth-century music has been described as complex, vital, diverse, uncertain, experimental, self-conscious, innovative-the list is long and growing. Composers have been both credited with and accused of always searching for something "new," writing works that are mechanistic but romantic, meaningful but unskilled, beautiful but ugly! In The Twentieth Century, Robert P. Morgan helps us grasp the flavor of the era by presenting forty-five readings from the period, nearly all written by active participants in the musical developments of the time. Thus we tune in to the voices of some thirty composers-from Busoni to Babbitt, Ives to Xenakis, Satie to Stravinsky-and learn from performers Anderson and Landowska, philosopher-critics Adorno, Dahlhaus, and Meyer, and writers Cocteau, Barthes, and Eco.
=648  \0$a20th Century (1901-2000)$1http://www.wikidata.org/entity/Q6927$920936
=650  \0$aMusic history$1http://www.wikidata.org/entity/Q846047$921373
=700  \\$4edt$aMorgan, Robert P.$920542
=942  \\$cBOO
=952  \\$00$10$2ddc$40$6GHM_0_000000000000000$70$8GHM$919547$aORPH$bORPH$cKM12_1$d2021-09-30$oGHM0$p20134918$r2021-01-12 00:00:00$w2021-01-12$yBOO
=999  \\$d19481

