=LDR  01430aam a2200229   4500
=001  19483
=005  20250925143306.0
=008  120427s1991\\\\\\\\\\\\\\\\\\\\\\0\eng
=020  \\$a9780393952728
=041  \\$aeng
=100  \\$aMorgan, Robert P.$4aut$920542
=245  \\$aTwentieth-Century Music:$bA History of Musical Style in Modern Europe and America
=260  \\$aNew York$bNorton$c1991
=300  \\$a554 pages
=520  \\$aMorgan divides his text into three chronological sections. Beginning with such giants as Mahler, Richard Strauss and Debussy, he discusses national movements, as represented by Charles Ives and Ralph Vaughan Williams; philosophical movements as various as the Schoenberg/Berg/Webern alliance or "les six"; and the giants who were "sui generis", such as Bartok and Stravinsky. The "isms" such as serialism, minimalism, indeterminism, the new romanticism and pluralism, are clearly delineated and the electronic boom of the last decades is defined.
 

=648  \0$a20th Century (1901-2000)$1http://www.wikidata.org/entity/Q6927$920936
=650  \0$aMusic history$1http://www.wikidata.org/entity/Q846047$921373
=651  \0$aEurope$1http://www.wikidata.org/entity/Q46$991
=651  \0$aUSA$1http://www.wikidata.org/entity/Q30$943
=942  \\$cBOO
=952  \\$00$10$2ddc$40$6GHM_7_000000000000000$70$8GHM$919549$aORPH$bORPH$cKM12_1$d2021-09-30$oGHM7$p20134983$r2021-01-12 00:00:00$w2021-01-12$yBOO
=999  \\$d19483

