=LDR  01936aam a2200217   4500
=001  19487
=005  20250925143306.0
=008  120508s1999\\\\\\\\\\\\\\\\\\\\\\0\eng
=020  \\$a9780670884568
=041  \\$aeng
=100  \\$aRoberts, J. M.$4aut$920547
=245  \\$aTwentieth Century:$bThe History of the World, 1901 to 2000
=246  \1$a20th Century
=260  \\$aHarmondsworth$bViking$c1999
=300  \\$a905 pages
=520  \\$aOne of our greatest contemporary historians greets the millennium with an authoritative and engrossing survey of the twentieth century. When it comes to narrative history, J. M. Roberts is an undisputed master of his craft. His classic History of the World (more than a quarter million copies sold worldwide) remains, in the words of eminent historian A. J. P. Taylor, "a stupendous achievement...the unrivaled World History of our day. . . unbelievably accurate... almost incontestable in its judgement." More remarkable, his History of Europe was acclaimed as "the best single volume history of Europe. . . combining authority and good sense with fluency and wit" (London Times Literary Supplement). In his latest sweeping and entertaining work, Roberts focuses on our own momentous century.

Twentieth Century places a chronological narrative of events in the context of the long-term changes that colored them. Among these are worldwide increases in life expectancy; major strides in science and technology; the radical reconfiguration of the global economy; vanished empires, shrunken white hegemony, and reassessment of "western" civilization; and the ever-evolving role of women. 

=648  \0$a20th Century (1901-2000)$1http://www.wikidata.org/entity/Q6927$920936
=650  \0$aHistory$1http://www.wikidata.org/entity/Q309$921403
=942  \\$cBOO
=952  \\$00$10$2ddc$40$6HUM_ROBE$70$8HUM$919553$aORPH$bORPH$cKTS1_H$d2021-10-19$oHUM ROBE$p20130638$r2021-01-12 00:00:00$w2021-01-12$yBOO
=999  \\$d19487

