=LDR  00979aam a2200181   4500
=001  19497
=005  20250109133037.0
=008  150707s1992\\\\\\\\\\\\\\\\\\\\\\0\d
=020  \\$a9783446209640
=041  \\$ager
=100  \\$aGroys, Boris$4aut$919389
=245  \\$aÜber das Neue: Versuch einer Kulturökonomie: Essay
=260  \\$aMünchen$bCarl Hanser Verlag$c1992
=300  \\$a192
=520  \\$aBoris Groys untersucht den kulturellen Prozeß als ökonomische Operation, angetrieben von Gesetzen des Tausches, der Bewertung, der Dynamik, des intellektuellen Marktes, der Nutzung des kulturellen Archivs. Kulturökonomie: eine ärgerliche Paradoxie? Nein, die Neubestimmung von Kultur jenseits der Dichotomie von Neu und Alt und ohne die Idee weitertreibender, schöpferischer Innovation aufzugeben.
=942  \\$cBOO
=952  \\$00$10$2ddc$40$6PHI_GROY_A$70$8PHI$919563$aORPH$bORPH$cKM12_3_2$d2021-08-11$g19.00$oPHI GROY a$p201337009$r2021-01-12 00:00:00$w2021-01-12$yBOO
=999  \\$c19497$d19497

