=LDR  01112aam a2200193   4500
=001  19499
=005  20250120120017.0
=008  150521s1908\\\\\\\\\\\\\\\\\\\\\\0\ger
=041  \\$ager
=100  \\$aSchopenhauer, Arthur$d1788-1860$4aut$1http://www.wikidata.org/entity/Q38193$920557
=245  \\$aUeber die vierfache Würzel des Satzes vom zureichenden Grunde
=260  \\$aLeipzig$bBrockhaus$c1908
=300  \\$a160 pages
=520  \\$aDiese elementarphilosophische Abhandlung, von Schopenhauer im Alter von 26 Jahren verfaßt, bildet eigenen Aussagen zufolge den Unterbau seines ganzen philosophischen Systems. Dieses Jugend- und Schlüsselwerk hat der sechzigjährige Schopenhauer noch einmal überarbeitet, um es mit weiterführenden, erhellenden und berichtigenden Anmerkungen zu versehen.
=648  \0$a19th Century (1801-1900)$1http://www.wikidata.org/entity/Q6955$920935
=650  \0$aPhilosophy$1http://www.wikidata.org/entity/Q5891$92357
=942  \\$cBOO
=952  \\$00$10$2ddc$40$6PHI_SCHO_A$70$8PHI$919565$aORPH$bORPH$cKM12_3_2$d2021-08-18$oPHI SCHO a$p20133919$r2021-01-12 00:00:00$w2021-01-12$yBOO
=999  \\$d19499

