=LDR  01223aam a2200265   4500
=001  19500
=005  20250925143306.0
=008  150310s1988\\\\\\\\\\\\\\\\\\\\\\0\ger\d
=020  \\$a3518283057
=041  \\$ager
=245  \\$aÜber Ernst Cassirers Philosophie der Symbolischen Formen
=260  \\$aFrankfurt am Main$bSuhrkamp$c1988
=300  \\$a305 pages
=490  \\$aSuhrkamp Taschenbuch Wissenschaft$v705
=600  \0$aCassirer, Ernst$d1874-1945$1http://www.wikidata.org/entity/Q57188$916792
=648  \0$a20th Century (1901-2000)$1http://www.wikidata.org/entity/Q6927$920936
=650  \0$aPhilosophy$1http://www.wikidata.org/entity/Q5891$92357
=650  \0$aSymbol$1http://www.wikidata.org/entity/Q80071$93606
=651  \0$aGermany$1http://www.wikidata.org/entity/Q183$9155
=700  \\$aBraun, Hans-Jürg$1http://www.wikidata.org/entity/Q97063663$4edt$920558
=700  \\$aHolzhey, Helmut$1http://www.wikidata.org/entity/Q1603675$4edt$920559
=700  \\$aOrth, Ernst Wolfgang$1http://www.wikidata.org/entity/Q1360687$4edt$920560
=942  \\$cBOO
=952  \\$00$10$2ddc$40$6PHI_CASS_B_BRAU$70$8PHI$919566$aORPH$bORPH$cKM12_3_2$d2021-08-09$oPHI CASS b BRAU$p20133400$r2021-01-12 00:00:00$w2021-01-12$yBOO
=999  \\$d19500

