=LDR  01114acm a2200229   4500
=001  19502
=005  20250820130241.0
=008  131113s1880\\\\\\\\\l\\\\\\\\\\\\0\ger\d
=059  \\$apf
=100  \\$aHiller, Ferdinand$d1811-1885$4aut$1http://www.wikidata.org/entity/Q213530$920561
=245  \\$aUebungen zum Studium der Harmonie und des Contrapunktes.
=250  \\$a9th ed.
=260  \\$aCologne$bM. DuMont-Schauberg'schen Buchhandlung$c1880
=300  \\$a145 pages
=648  \0$a19th Century (1801-1900)$1http://www.wikidata.org/entity/Q6955$920935
=650  \0$aHarmony$1http://www.wikidata.org/entity/Q184421$92358
=650  \0$aCounterpoint$1http://www.wikidata.org/entity/Q186393$921487
=650  \0$aMethod$1http://www.wikidata.org/entity/Q2250960$921402
=856  \\$uhttps://imslp.org/wiki/Uebungen_zum_Studium_der_Harmonie_und_des_Contrapunktes_(Hiller%2C_Ferdinand)$3International Music Score Library Project
=942  \\$cSCO
=952  \\$00$10$2ddc$40$6KTS_1_000000000000000_H_09_035$70$8RAR$919568$aORPH$bORPH$cKTS1_H$d2021-01-12$l0$oKTS1 H.09.035$p20143794$r2021-01-12 00:00:00$w2021-01-12$ySCO
=999  \\$d19502

