=LDR  00850aam a2200205   4500
=001  19511
=005  20250109133053.0
=008  111018s1997\\\\\\\\\\\\\\\\\\\\\\0\e
=020  \\$a9781859283561
=041  \\$aeng
=100  \\$4Editor$aBrougham, Henrietta$920573
=100  \\$4Editor$aFox, Christopher$920574
=100  \\$4Editor$aPace, Ian$920575
=245  \\$aUncommon ground : The music of Michael Finnissy
=260  \\$aHants$bAshgate$c1997
=300  \\$a436
=520  \\$aThis book looks at the life and works of Michael Finnissy, and focuses on his piano music, chamber music, orchestral music, vocal music and his theatrical works. It also includes a catalogue of his work.
=942  \\$cBOO
=952  \\$00$10$2ddc$40$6BIO_FINN_A$70$8BIO$919577$aORPH$bORPH$cKTS1_P$d2021-10-19$oBIO FINN a$p20129779$r2021-01-12 00:00:00$w2021-01-12$yBOO
=999  \\$c19511$d19511

