=LDR  00939aam a2200193   4500
=001  19514
=005  20250109133042.0
=008  120904s2009\\\\\\\\\\\\\\\\\\\\\\0\eng
=020  \\$a9780230520974
=041  \\$aeng
=100  \\$aWisker, Gina$4aut$919714
=245  \\$aThe undergraduate research handbook
=260  \\$aNew York$bPalgrave Macmillan$c2009
=300  \\$a298 pages
=490  \\$aPalgrave study guides
=520  \\$aThis practical, research-informed text will provide students across all disciplines with models, tasks and activities to enable them to plan, action, write and present quality research. It will help develop ideas, creative thinking and systematic research practices to enable students to produce high quality dissertations and reports.
=942  \\$cBOO
=952  \\$00$10$2ddc$40$6REF_2_000000000000000_WISK$70$8REF$919580$aORPH$bORPH$cKM12_1$d2021-08-24$oREF2 WISK$p20131166$r2021-01-12 00:00:00$w2021-01-12$yBOO
=999  \\$d19514

