=LDR  02994aam a2200289   4500
=001  19516
=005  20250821124557.0
=008  111114s2010\\\\\\\\\\\\\\\\\\\\\\0\eng
=020  \\$a9780754667698
=041  \\$aeng
=100  \\$aIrving, John$4aut$920579
=245  \\$aUnderstanding Mozart's Piano Sonatas
=260  \\$aFarnham, Surrey$bAshgate$c2010
=300  \\$a172 pages
=520  \\$aMozart's piano sonatas are among the most familiar of his works and stand alongside those of Haydn and Beethoven as staples of the pianist's repertoire. In this study, John Irving looks at a wide selection of contextual situations for Mozart's sonatas, focusing on the variety of ways in which they assume identities and achieve meanings. In particular, the book seeks to establish the provisionality of the sonatas' notated texts, suggesting that the texts are not so much identifiers as possibilities and that their identity resides in the usage. Close attention is paid to reception matters, analytical approaches, organology, the role of autograph manuscripts, early editions and editors, and aspects of historical performance practice - all of which go beyond the texts in opening windows onto Mozart's sonatas. 

Treating the sonatas collectively as a repertoire, rather than as individual works, the book surveys broad thematic issues such as the role of historical writing about music in defining a generic space for Mozart's sonatas, their construction within pedagogical traditions, the significance of sound as opposed to sight in these works (and in particular their sound on fortepianos of the later eighteenth-century) , and the creative role of the performer in their representation beyond the frame of the text. Drawing together and synthesizing this wealth of material, Irving provides an invaluable reference source for those already familiar with this repertoire.
Contents: Preface; Pretexts; Part I Reading Texts: Contexts; Horizons of understanding; Editions; Approaching the texts. Part II Playing Texts: Instruments; Embellishing Mozart's texts; Epilogue: listening to texts; Bibliography; Index.
=600  \0$aMozart, Wolfgang Amadeus$d1756-1791$1http://www.wikidata.org/entity/Q254$95341
=648  \0$a18th Century (1701-1800)$1http://www.wikidata.org/entity/Q7015$920899
=650  \0$aSonata$1http://www.wikidata.org/entity/Q131269$921653
=650  \0$aPiano$1http://www.wikidata.org/entity/Q5994$92127
=650  \0$aMusical analysis$1http://www.wikidata.org/entity/Q1544924$92775
=651  \0$aMunich (Germany)$1http://www.wikidata.org/entity/Q1726$9268
=651  \0$aSalzburg (Austria)$1http://www.wikidata.org/entity/Q34713$921433
=651  \0$aParis (France)$1http://www.wikidata.org/entity/Q90$9160
=651  \0$aVienna (Austria)$1http://www.wikidata.org/entity/Q1741$920937
=942  \\$cBOO
=952  \\$00$10$2ddc$40$6BIO_MOZA1_E$70$8BIO$919582$aORPH$bORPH$cKTS1_P$d2021-10-19$g50.00$oBIO MOZA1 e$p20129896$r2021-01-12 00:00:00$w2021-01-12$yBOO$Vamazon.co.uk
=999  \\$d19516

