=LDR  00541aam a2200157   4500
=001  19525
=005  20250109133053.0
=008  150521s1948\\\\\\\\\\\\\\\\\\\\\\0\f
=041  \\$afre
=100  \\$aFauré-Fremiet, Philippe$4aut$920586
=245  \\$aL'univers non-dimensionnel et la vie qualitative
=260  \\$aParis$bPresses Universitaires de France$c1948
=300  \\$a152
=942  \\$cBOO
=952  \\$00$10$2ddc$40$6PHI_FAUR_A$70$8PHI$919591$aORPH$bORPH$cKM12_3_2$d2021-08-09$oPHI FAUR a$p20133261$r2021-01-12 00:00:00$w2021-01-12$yBOO
=999  \\$c19525$d19525

