=LDR  01391aam a2200193   4500
=001  19531
=005  20250109133053.0
=008  120917s2004\\\\\\\\\\\\\\\\\\\\\\0\eng
=020  \\$a9780335213443
=041  \\$aeng
=245  \\$aThe Unwritten Rules of Phd Research
=260  \\$aBerkshire$bOpen University Press$c2004
=300  \\$a224 pages
=520  \\$a"A breath of fresh air - I wish someone had told me this beforehand." PhD student, UK

"If you are contemplating a PhD, buy the book and read it straight through to get the larger picture; then re-read each section in greater detail as you tackle each stage of your work.
I did the basic research for my PhD in about twelve months, then spent two years writing up the results - and producing possibly too much. It succeeded, but I think I might have made a better job of it if I had read a book like this first. But they didn't exist in those days." Mantex

This book looks at things the other books don't tell you about doing a PhD - what it's really like and how to come through it with a happy ending! It covers all the things you wish someone had told you before you started:
=700  \\$4aut$aPetre, Marian$920587
=700  \\$4aut$aRugg, Gordon$920588
=942  \\$cBOO
=952  \\$00$10$2ddc$40$6REF_2_000000000000000_PETR$70$8REF$919597$aORPH$bORPH$cKM12_1$d2021-08-24$oREF2 PETR$p20131154$r2021-01-12 00:00:00$w2021-01-12$yBOO
=999  \\$d19531

