=LDR  00746aam a2200169   4500
=001  19535
=005  20230123111208.0
=008  180301s2016\\\\\\\\\\\\\\\\\\\\\\0\dut
=041  \\$adut
=100  \\$aScholten, Hans$4aut$920593
=245  \\$aHet Urban Future-project
=260  \\$aLeiden$bLeiden University$c2016
=300  \\$a75 pages
=520  \\$aProefschrift ter verkrijging van de graad van Doctor aan de Universiteit Leiden op gezag van de Rector Magnificus prof. mr. C.J.J.M. Stolker, volgens besluit van het College voor promoties te verdedigen op 16 november 2016.
=942  \\$cDIS
=952  \\$00$10$2ddc$40$6MTP_5_000000000000000_SCHO$70$8MTP$919601$aORPH$bORPH$cKM12_1$d2021-08-31$oMTP5 SCHO$p20131390$r2021-01-12 00:00:00$w2021-01-12$yDIS
=999  \\$d19535

