=LDR  02833aam a2200181   4500
=001  19546
=005  20250109133047.0
=008  140710s1992\\\\\\\\\\\\\\\\\\\\\\0\e
=020  \\$a9780262631433
=041  \\$ae
=100  \\$aMassumi, Brian$4aut$920161
=245  \\$aA user's guide to capitalism and schizophrenia: Deviations from Deleuze and Guattari
=260  \\$aCambridge, Massachusetts$bMIT Press$c1992
=300  \\$a229
=520  \\$aA User's Guide to Capitalism and Schizophrenia is a playful and emphatically practical elaboration of the major collaborative work of the French philosophers Gilles Deleuze and Felix Guattari. When read along with its rigorous textual notes, the book also becomes the richest scholarly treatment of Deleuze's entire philosophical oeuvre available in any language. Finally, the dozens of explicit examples that Brian Massumi furnishes from contemporary artistic, scientific, and popular urban culture make the book an important, perhaps even central text within current debates on postmodern culture and politics.Capitalism and Schizophrenia is the general title for two books published a decade apart. The first, Anti-Oedipus, was a reaction to the events of May/June 1968; it is a critique of "state-happy" Marxism and "school-building" strains of psychoanalysis. The second, A Thousand Plateaus, is an attempt at a positive statement of the sort of nomad philosophy Deleuze and Guattari propose as an alternative to state philosophy.Brian Massumi is Professor of Comparative Literature at McGill University.A User's Guide to Capitalism and Schizophrenia is a playful and emphatically practical elaboration of the major collaborative work of the French philosophers Gilles Deleuze and Felix Guattari. When read along with its rigorous textual notes, the book also becomes the richest scholarly treatment of Deleuze's entire philosophical oeuvre available in any language. Finally, the dozens of explicit examples that Brian Massumi furnishes from contemporary artistic, scientific, and popular urban culture make the book an important, perhaps even central text within current debates on postmodern culture and politics.Capitalism and Schizophrenia is the general title for two books published a decade apart. The first, Anti-Oedipus, was a reaction to the events of May/June 1968; it is a critique of "state-happy" Marxism and "school-building" strains of psychoanalysis. The second, A Thousand Plateaus, is an attempt at a positive statement of the sort of nomad philosophy Deleuze and Guattari propose as an alternative to state philosophy.Brian Massumi is Professor of Comparative Literature at McGill University.
=942  \\$cBOO
=952  \\$00$10$2ddc$40$6PHI_MASS_A$70$8PHI$919612$aORPH$bORPH$cKM12_3_2$d2021-08-02$g15.00$oPHI MASS a$p20130547$r2021-01-12 00:00:00$w2021-01-12$yBOO
=999  \\$c19546$d19546

