=LDR  00921aam a2200217   4500
=001  19548
=005  20250120120224.0
=008  180917s1857\\\\\\\\\\\\\\\\\\\\\\p\dut\d
=041  \\$adut
=100  \\$4edt$aDriessche, E. Van$920599
=245  \\$aVaderlandsche liederen
=260  \\$aBrussels$bde Hou$c1857
=300  \\$a96 pages
=590  \\$aUitgegeven op last van het Maerlants-Genootschap Metterafdeeling van het Klauwaerts-Verbond te Brussel 
=648  \0$a19th Century (1801-1900)$1http://www.wikidata.org/entity/Q6955$920935
=650  \0$aPoetry$1http://www.wikidata.org/entity/Q482$93026
=650  \0$aSong$1http://www.wikidata.org/entity/Q7366$94164
=651  \0$aFlanders (Belgium)$1http://www.wikidata.org/entity/Q234$989
=942  \\$cBOO
=952  \\$00$10$2ddc$40$6KTS_1_000000000000000_H_04_038$70$8RAR$919614$aORPH$bORPH$cKTS1_H$d2022-01-10$oKTS1 H.04.038$p20130144$r2021-01-12 00:00:00$w2021-01-12$yBOO
=999  \\$d19548

