=LDR  01419aam a2200229   4500
=001  19550
=005  20250821124557.0
=008  151124s2014\\\\it\a\\\\\\\\\\\\\\0\ita\d
=020  \\$a9788850729968
=041  \\$aita
=245  \\$aLa valigia dei suoni.$bEsplorazioni musicali per piccoli pianisti
=260  \\$aMilan$bArisch$c2014
=300  \\$a112 pages
=520  \\$aTi sai muovere come un robot? E come un agile danzatore? Come cambia il suono se ti sposti sulla tastiera coi passi di un orso stanco? L'esplorazione della gestualità strumentale può partire proprio da qui, dalla scoperta del corpo, da un contatto gioioso col suono, da una relazione espressiva con lo strumento. E quindi perché no? Aprire e chiudere la mano come una stella marina o saltare sulla tastiera cercando equilibrio ed elasticità: un modo nuovo per scoprire la gioia di fare musica e musiche nuove pensate per le avventure dei piccoli pianisti esploratori. Età di lettura: da 6 anni.
=650  \0$aPiano$1http://www.wikidata.org/entity/Q5994$92127
=650  \0$aEducation$926206
=650  \0$aMethod$1http://www.wikidata.org/entity/Q2250960$921402
=700  \\$4aut$aBartolini, Donatella$920601
=700  \\$4aut$aBarontini, Patrizio$920602
=942  \\$cBOO
=952  \\$00$10$2ddc$40$6INS_3_000000000000000_3C_BART$70$8REF$919616$aORPH$bORPH$cKTS0$d2015-11-20$g18.19$oINS3.3c BART$p20131211$r2021-01-12 00:00:00$w2021-01-12$yBOO
=999  \\$d19550

