=LDR  00578aam a2200193   4500
=001  19560
=005  20230123111210.0
=008  131210s1998\\\\\\\\\\\\\\\\\\\\\\0\mul
=020  \\$a9789066481435
=041  \\$aeng$adut
=245  \\$aVan Dale: Engels-Nederlands
=250  \\$a3
=260  \\$aUtrecht$bVan dale$c1998
=300  \\$a1763 pages
=700  \\$4edt$aMartin, W.$920605
=700  \\$4edt$aTops, G$920606
=942  \\$cBOO
=952  \\$00$10$2ddc$40$6REF_1_000000000000000$70$8REF$919626$aORPH$bORPH$cKM12_1$d2021-08-30$oREF1$p20131231$r2021-01-12 00:00:00$w2021-01-12$yBOO
=999  \\$d19560

