=LDR  00847aam a2200157   4500
=001  19562
=005  20230123111210.0
=008  120716s2002\\\\\\\\\\\\\\\\\\\\\\0\dut
=100  \\$aCallaert, Geert$4aut$920609
=245  \\$aVan oud naar nieuw: Uitvoeringsstrategieën bij de vertolking van 20ste-eeuwse composities van K. Stockhausen, I. Xenakis en Ch. Wuorinen en hun invloed op een nieuw uitvoeringsconcept a.d.h.v. Paul Lansky's 'Heavy Set' voor tape
=260  \\$aGhent$c2002
=300  \\$a65-81 pages
=520  \\$aVerhandeling tot het verkrijgen van de graag van 'laureaat van het Orpheus Instituut', voorgedragen door Geert Callaert. Mentor: Luc Van Hove.
=942  \\$cDIS
=952  \\$00$10$2ddc$3Varia : 1$40$6MATP_5_000000000000000_CALL$70$8MTP$919628$aORPH$bORPH$cKM12_1$d2021-08-30$oMATP5 CALL$p20131348$r2021-01-12 00:00:00$w2021-01-12$yDIS
=999  \\$d19562

