=LDR  00882aam a2200229   4500
=001  19566
=005  20250120120044.0
=008  140829s2011\\\\\\\\\\\\\\\\\\\\\\0\eng
=020  \\$a9781937561062
=041  \\$aeng$hfre
=100  \\$aSerres, Michel$d1930-2019$4aut$1http://www.wikidata.org/entity/Q364456$916516
=245  \\$aVariations on the Body
=260  \\$aMinneapolis$bUnivocal$c2011
=300  \\$a151 pages
=534  \\$aOriginally published in 1999
=650  \0$aPhilosophy$1http://www.wikidata.org/entity/Q5891$92357
=650  \0$aCorporeality$1http://www.wikidata.org/entity/Q101490283$921406
=700  \\$4trl$aBurks, Randolph$921405
=765  \\$aVariations sur le corps
=942  \\$cBOO
=952  \\$00$10$2ddc$40$6PHI_SERR_A$70$8PHI$919632$aORPH$bORPH$cKM12_3_2$d2014-07-02$g20.00$l1$oPHI SERR a$p20136342$r2021-05-06 00:00:00$s2021-05-03$w2021-01-12$yBOO
=999  \\$c19566$d19566

