=LDR  01562aam a2200193   4500
=001  19567
=005  20251027155248.0
=008  140619s2013\\\\\\\\\\\\\\\\\\\\\\0\fre
=020  \\$a9782746506800
=041  \\$afre
=100  \\$aSerres, Michel$d1930-2019$4aut$1http://www.wikidata.org/entity/Q364456$916516
=245  \\$aVariations sur le corps
=260  \\$aParis$bLe Pommier$c2013
=300  \\$a127 pages
=520  \\$aÉcrites en éloge des professeurs d'éducation physique et des entraîneurs, des guides de haute montagne, des athlètes, danseuses, mimes, clowns, artisans et artistes... ces Variations décrivent les métamorphoses admirables que leur corps peut accomplir. Les animaux manquent d'une telle variété de gestes, postures et mouvements ; souple jusqu'à la fluidité, le corps humain imite à loisir choses et vivants ; de plus il crée des signes. Déjà là dans ces positions et métamorphoses, l'esprit, alors, naît de ces variations. Les cinq sens ne sont pas la seule source de la connaissance : elle émerge, en grande part, des imitations que rend possibles la plasticité du corps. En lui, avec lui et par lui commence le savoir. Du sport à la connaissance, il passe de la forme au signe, pour s'envoler en corps glorieux. Qu'est-ce que l'incarnation ? Une transfiguration. (Michel Serres.)
=650  \0$aPhilosophy$1http://www.wikidata.org/entity/Q5891$92357
=942  \\$cBOO
=952  \\$00$10$2ddc$40$6PHI_SERR_A$70$8PHI$919633$aORPH$bORPH$cKM12_3_2$d2021-08-18$g7.63$oPHI SERR a$p20133936$r2021-01-12 00:00:00$w2021-01-12$yBOO
=999  \\$d19567

