=LDR  01161aam a2200253   4500
=001  19572
=005  20250120120338.0
=008  150925s2006\\\\\\\\\\\\\\\\\\\\\\d\fre\d
=020  \\$a2870099207
=041  \\$afre
=100  \\$4aut$aRousseau, Jean-Baptiste$d1670-1741$1http://www.wikidata.org/entity/Q471026$95679
=245  \\$aVénus & Adonis :$bTragédie en musique de Henry Desmarest (1697). Livret, études et commentaires
=260  \\$aSprimont$bMardaga$aVersailles$bCentre de Musique Baroque de Versailles$c2006
=300  \\$a191 pages
=600  \0$aDesmarets, Henry$d1661-1741$1http://www.wikidata.org/entity/Q1345283$97883
=648  \0$a17th Century (1601-1700)$1http://www.wikidata.org/entity/Q7016$920923
=650  \0$aOpera$1http://www.wikidata.org/entity/Q1344$92468
=650  \0$aLibretto$1http://www.wikidata.org/entity/Q131084$94031
=651  \0$aFrance$1http://www.wikidata.org/entity/Q142$9131
=700  \\$4edt$aDuron, Jean$920615
=700  \\$4edt$aFerraton, Yves$920616
=942  \\$cBOO
=952  \\$00$10$2ddc$40$6BIO_DESM_E$70$8BIO$919638$aORPH$bORPH$cKTS1_P$d2022-05-11$oBIO DESM e$p20129726$r2021-01-12 00:00:00$w2021-01-12$yBOO
=999  \\$d19572

