=LDR  03744aam a2200181   4500
=001  19573
=005  20250120120125.0
=008  120307s1995\\\\\\\\\\\\\\\\\\\\\\0\n
=020  \\$a9789028418295
=041  \\$adut
=100  \\$aDamasio, Antonio R.$4aut$917922
=245  \\$aDe vergissing van Descartes: Gevoel, verstand en het menselijk brein
=260  \\$aAmsterdam$bWereldbibliotheek$c1995
=300  \\$a319
=520  \\$aPatiënten met een bepaald soort hersenletsel vertonen merkwaardig gedrag. Rationeel lijkt er niets met hen aan de hand. Maar tot een beslissing komen wanneer hen een keuze wordt voorgelegd kunnen sommigen niet.
Antonio Damasio schets de reactie van de patiënt Elliot die een probleem op allerlei manieren wist te beredeneren, maar die na de oefening aangaf nog steeds niet te weten wat hij zou moeten doen. Hij kon alle afwegingen prima rationeel beredeneren, maar tot een keuze komen was voor hem onmogelijk.
Uit onderzoek blijkt dat in een bepaald deel van de hersenen bepaalde processen samenkomen, processen die te maken hebben met:
? vooruitdenken;
? het nemen van persoonlijke sociale beslissingen;
? de totstandkoming van emoties;
? het bewaren van mentale voorstellingen.
Evolutionair gezien moet dit wel een bijdrage leveren aan de overleving van de soort. Het is dus een samengaan dat ?nuttig? voor ons moet zijn.

Damasio stelt dat het nemen van een beslissing volgens de volledig rationele benadering veronderstelt dat we allerlei afwegingen maken, deze toetsen op hun mogelijke uitkomsten, afwegen wat voor ons de voor- en nadelen van bepaalde uitkomsten zijn en dat wij daarmee ?calculeren? wat voor ons de beste uitkomst is. Maar? meestal beslissen wij in een split second, zonder dat wij bewust allerlei van dit soort afwegingen maken. Bovendien is het helemaal niet zo gemakkelijk om de gunstigste uitkomst te calculeren. In de dagelijkse realiteit moeten we immers maar al te vaak appels en peren met elkaar vergelijken. Met onvergelijkbare grootheden ?calculeren? is ondoenlijk.

Damasio beredeneert dat zich in ons brein somatische stempels vormen. Deze stempels geven een negatief gevoel als zich een bepaalde situatie voordoet waarvan we ?geleerd? hebben dat deze slecht voor ons uit kan pakken. Dat stempel ?zegt ons?: doe dit niet, dit leidt tot onaangename resultaten. Door deze stempels wordt het aantal alternatieven bij beslissingen snel gereduceerd. Somatische stempels zijn een speciaal soort gevoelens. gevoelens die ons in staat stellen snel tot beslissingen te komen. Gevoelens die onze rationaliteit helpen bij het nemen van besluiten. Gevoelens ook die zo sterk op ons kunnen drukken dat het onberedeneerde de overhand kan krijgen, zoals bij allerlei fobieën.

Damasio geeft in zijn boek nog een sprekend voorbeeld hoe een en ander disfunctioneert bij specifiek hersenletsel. Hij geeft een patiënt twee mogelijkheden voor een volgende afspraak. De patiënt wikt en weegt. Dit laat Damasio een kwartier lang doorgaan. Dan zegt hij dat de tweede mogelijkheid hem het beste lijkt. De patiënt geeft onmiddellijk aan dat dit in orde is en vertrekt gelijk daarna. Zelf kon hij niet tot een besluit komen. Een duwtje van een ander en het probleem is opgelost.

Biologische drijfveren, emoties en lichaamstoestanden lijken een noodzakelijke basis te vormen voor rationaliteit.
Descartes ging uit van de scheiding tussen lichaam en geest. Damasio stelt dat die scheiding er fetelijk niet is. De idee dat lichaam en geest gescheiden zijn is de vergissing van Descartes waar de titel van dit boek naar verwijst.


=942  \\$cBOO
=952  \\$00$10$2ddc$40$6PHI_DESC_B_DAMA$70$8PHI$919639$aORPH$bORPH$cKM12_3_2$d2021-08-11$oPHI DESC b DAMA$p20133647$r2021-01-12 00:00:00$w2021-01-12$yBOO
=999  \\$c19573$d19573

