=LDR  00591aam a2200157   4500
=001  19575
=005  20250109133054.0
=008  170216s1967\\\\\\\\\\\\\\\\\\\\\\0\d/n
=041  \\$ad/n
=100  \\$4aut$aBoer, Theodorus de$920617
=245  \\$aDas Verhältnis zwischen dem ersten und dem zweiten Teil der Logischen Untersuchingen Edmund Husserls
=260  \\$aTorino$bEdizioni di "filosofia"$c1967
=300  \\$a27
=942  \\$cBOO
=952  \\$00$10$2ddc$40$6PHI_HUSS_B_BOER$70$8PHI$919643$aORPH$bORPH$cKM12_3_2$d2021-08-11$oPHI HUSS b BOER$p20133744$r2021-01-12 00:00:00$w2021-01-12$yBOO
=999  \\$c19575$d19575

