=LDR  02719aam a2200241   4500
=001  19578
=005  20250925143306.0
=008  120124s1998\\\\\\\\\\\\\\\\\\\\\\0\ger
=020  \\$a9783518293201
=041  \\$ager
=100  \\$aAdorno, Theodor W.$d1903-1969$4aut$1http://www.wikidata.org/entity/Q152388$915795
=245  \\$aVermischte Schriften
=260  \\$aFrankfurt am Main$bWissenschaftliche Buchgesellschaft$c1998
=300  \\$a2 vols. (409+877 pages)
=505  \\$aI. Theorien und Theoretiker / Neue wertfreie Soziologie / Zur Philosophie Husserls / Husserl and the Problem of Idealism / ?Kulturanthropologie? / Wird Spengler recht behalten? / Max Horkheimer (Max Horkheimer / Radiorede über Max Horkheimer / Offener Brief an Max Horkheimer / Gratulor / Eine unterdrückte Vorrede) / Walter Benjamin (Zu Benjamins Gedächtnis / Nachwort zur ?Berliner Kindheit um Neunzehnhundert? / Erinnerungen / Vorrede zu Rolf Tiedemanns ?Studien zur Philosophie Walter Benjamins? / Interimsbescheid / A l'écart de tous les courants) / Für Ernst Bloch / Nach Kracauers Tod / Oswald Spengler, Der Mensch und die Technik / Alfred Kleinberg, Die europäische Kultur der Neuzeit / Herbert Marcuse, Hegels Ontologie und die Grundlegung einer Theorie der Geschichtlichkeit / Bernhard Groethuysen, Die Entstehung der bürgerlichen Welt- und Lebensanschauung in Frankreich / Hans Driesch, Philosophische Gegenwartsfragen / Theodor Steinbüchel, Das Grundproblem der Hegelschen Philosophie / Nicolai Hartmann, Das Problem des geistigen Seins,u. a. [Sammelbesprechung] / Walter Ehrenstein, Einführung in die Gestaltpsychologie / Philosophy and History. Essays presented to Ernst Cassirer / Roger Caillois, La Manie religieuse / Erich Rothacker, Die Schichten der Persönlichkeit / Jean Wahl, Etudes Kierkegaardiennes, u.a. [Sammelbesprechung] / Wilhelm Grebe, Der tätige Mensch / G. P. Adams, u.a., Knowledge and Society / Maximilian Beck, Psychologie / Richmond Laurin Hawkins, Positivism in the United States 1853-1861 / Heinrich Rickert, Unmittelbarkeit und Sinndeutung / Ad Lukács / Fällige Revision / Zu Ulrich Sonnemanns ?Negativer Anthropologie?
=520  \\$a

=648  \0$a20th Century (1901-2000)$1http://www.wikidata.org/entity/Q6927$920936
=650  \0$aPhilosophy$1http://www.wikidata.org/entity/Q5891$92357
=651  \0$aGermany$1http://www.wikidata.org/entity/Q183$9155
=942  \\$cBOO
=952  \\$00$10$2ddc$3vol. I$40$6PHI_ADOR_A$70$8PHI$919646$aORPH$bORPH$cKM12_3_2$d2021-08-03$oPHI ADOR a$p20132900$r2021-01-12 00:00:00$w2021-01-12$yBOO
=952  \\$00$10$2ddc$3vol. II$40$6PHI_ADOR_A$70$8PHI$919647$aORPH$bORPH$cKM12_3_2$d2021-08-03$oPHI ADOR a$p20132899$r2021-01-12 00:00:00$w2021-01-12$yBOO
=999  \\$c19578$d19578

