=LDR  02315aam a2200325   4500
=001  19580
=005  20250926135309.0
=008  120104r19941797gw\h\\\\\\\\\\\\\\0\ger\d
=020  \\$a3761811993
=041  \\$ager
=100  \\$aBach, Carl Philipp Emanuel$d1714-1788$4aut$1http://www.wikidata.org/entity/Q76428$99218
=245  \\$aVersuch über die wahre Art das Clavier zu Spielen
=260  \\$aKassel$aBasel$aLondon$aNew York$aPrague$bBärenreiter$c1994
=300  \\$a341 pages
=520  \\$aCarl Philipp Emanuel Bachs Lehrbuch ist einerseits eine praktische Anleitung zum Klavierspiel, die für Spieltechnik, Ornamentik und artikulatorische Verfeinerung des Generalbassspiels innovatorisch wirkte, andererseits ein bedeutendes theoretisches Dokument der neuen Musikästhetik, die mit Carl Philipp Emanuel Bach ihren Ausgang nahm. Gerade heute - in Zeiten einer vertieften Auseinandersetzung mit der Alten Musik - ist der "Versuch" ein Standardwerk für alle, die sich mit der stilgerechten Interpretation von alter Musik befassen. 
=590  \\$aFaksimile-Reprint der Ausgaben von Teil I, Berlin 1753 (mit den Ergänzungen der Auflage Leipzig 1787) und Teil II, Berlin 1762 (mit den Ergänzungen der Auflage Leipzig 1797) herausgegeben und mit einem ausführlichen Register versehen von Wolfgang Horn
=648  \0$a18th Century (1701-1800)$1http://www.wikidata.org/entity/Q7015$920899
=650  \0$aMethod$1http://www.wikidata.org/entity/Q2250960$921402
=650  \0$aKeyboard instrument$1http://www.wikidata.org/entity/Q52954$92849
=650  \0$aKeyboard music$1http://www.wikidata.org/entity/Q105715630$921412
=650  \0$aFingering$1http://www.wikidata.org/entity/Q608487$921861
=650  \0$aOrnamentation$1http://www.wikidata.org/entity/Q739589$922524
=650  \0$aBasso continuo$1http://www.wikidata.org/entity/Q724321$921065
=650  \0$aAccompaniment$1http://www.wikidata.org/entity/Q504514$92918
=650  \0$aImprovisation$1http://www.wikidata.org/entity/Q1049625$93640
=651  \0$aGermany$1http://www.wikidata.org/entity/Q183$9155
=700  \\$4edt$aHorn, Wolfgang$d1956-2019$1http://www.wikidata.org/entity/Q64022815$911685
=942  \\$cBOO
=952  \\$00$10$2ddc$40$6INS_3C$70$8INS$919648$aORPH$bORPH$cKTS0$d2021-10-29$oINS3c$p20125995$r2021-01-12 00:00:00$w2021-01-12$yBOO
=999  \\$d19580

