=LDR  02590aam a2200241   4500
=001  19584
=005  20250903082615.0
=008  140522s2010\\\\\\\\\\\\\\\\\\\\\\0\eng
=020  \\$a9780822346333
=041  \\$aeng
=100  \\$aBennett, Jane$4aut$920621
=245  \\$aVibrant Matter:$ba political ecology of things
=260  \\$aLondon$bDuke University Press$c2010
=300  \\$axxii-176 pages
=490  \\$aJohn Hope Franklin Center Book
=504  \\$aContains a bibliography and an index
=520  \\$aIn Vibrant Matter the political theorist Jane Bennett shifts her focus from the human experience of things to things themselves. Bennett argues that political theory needs to do a better job of recognizing the active participation of nonhuman forces in events. Toward that end, she theorizes a vital materiality that runs through and across bodies, both human and nonhuman. Bennett explores how political analyses of public events might change were we to acknowledge that agency always emerges as the effect of ad hoc configurations of human and nonhuman forces. She suggests that recognizing that agency is distributed this way, and is not solely the province of humans, might spur the cultivation of a more responsible, ecologically sound politics: a politics less devoted to blaming and condemning individuals than to discerning the web of forces affecting situations and events.

Bennett examines the political and theoretical implications of vital materialism through extended discussions of commonplace things and physical phenomena including stem cells, fish oils, electricity, metal, and trash. She reflects on the vital power of material formations such as landfills, which generate lively streams of chemicals, and omega-3 fatty acids, which can transform brain chemistry and mood. Along the way, she engages with the concepts and claims of Spinoza, Nietzsche, Thoreau, Darwin, Adorno, and Deleuze, disclosing a long history of thinking about vibrant matter in Western philosophy, including attempts by Kant, Bergson, and the embryologist Hans Driesch to name the vital force inherent in material forms. Bennett concludes by sketching the contours of a green materialist ecophilosophy.
=648  \0$a21st Century (2001-2100)$1http://www.wikidata.org/entity/Q6939$920812
=650  \0$aPhilosophy$1http://www.wikidata.org/entity/Q5891$92357
=651  \0$aUSA$1http://www.wikidata.org/entity/Q30$943
=942  \\$cBOO
=952  \\$00$10$2ddc$40$6PHI_BENN_A$70$8PHI$919652$aORPH$bORPH$cKM12_3_2$d2021-08-11$g17.69$oPHI BENN a$p20130535$r2021-01-12 00:00:00$w2021-01-12$yBOO
=999  \\$d19584

