=LDR  00741aam a2200157   4500
=001  19586
=005  20210305145313.0
=008  180830s2012\\\\\\\\\\\\\\\\\\\\\\0\\\\
=245  \\$aVideography BIG SET
=260  \\$bSoundfactory$c2012
=260  \\$bArts&Crafts$c2012
=300  \\$a1$cAudio Recorders
=520  \\$aAudio Recorder : Zoom H5 - 299 USD

Cameras : Canon EOS 60 (2 pieces) - 2757 USD (919 USD / piece) 

Lens 1 : Canon EF 100mm f2.oUSM - 415 USD 

Lens 2 : Sigma 10-20mm F3.5 EX DC HSM - 619 USD 

Lens 3 : Tamron 70-200mm f2.8 AF DI LD Macro - 499 USD
=942  \\$cEQU
=952  \\$00$10$2ddc$40$70$8EQU$919654$aORPH$bORPH$cKTS0 S$d2021-11-18$g299.00$l2$m3$p20117574$q2025-01-29$r2024-10-08 10:48:49$s2024-10-08$w2021-01-12$yEQU
=999  \\$c19586$d19586

