=LDR  01021aam a2200241   4500
=001  19597
=005  20251003085500.0
=008  170110s1998\\\\be\f\\\\\\\\\\\\\\0\dut
=020  \\$aM94855
=041  \\$adut$afre
=100  \\$4cur$aHuybens, Gilbert$d1949-$1http://www.wikidata.org/entity/Q64706420$920629
=245  \\$aVijf eeuwen klokkenkunst te Mechelen
=260  \\$aMechelen$bMechels Stadsbestuur$c1998
=300  \\$a 152 pages
=336  \\$aprinted
=590  \\$aTentoonstellingscatalogus 27 juni-30 september 1998
=648  \0$aPast$1http://www.wikidata.org/entity/Q192630$922196
=650  \0$aCarillon$1http://www.wikidata.org/entity/Q505174$94152
=650  \0$aCatalogue$1http://www.wikidata.org/entity/Q2352616$921484
=710  \\$aRoyal Carillon School "Jef Denyn"$1https://www.wikidata.org/wiki/Q2279602$4ctb$926733
=942  \\$cBOO
=952  \\$00$10$2ddc$40$6INS_10_000000000000000_3A_BE_MEC$70$8INS$919665$aORPH$bORPH$cKTS0$d2021-11-10$oINS10.3a BE.MEC$p20130487$r2021-01-12 00:00:00$w2021-01-12$yBOO
=999  \\$d19597

