=LDR  00806aam a2200181   4500
=001  19598
=005  20230123111214.0
=008  120221s1992\\\\\\\\\\\\\\\\\\\\\\0\e
=020  \\$a9780859679060
=041  \\$aeng
=100  \\$aPeppercorn, L. M.$4aut$920630
=245  \\$aVilla-Lobos: Collected studies
=260  \\$aCambridge$bScolar Press$c1992
=300  \\$a261
=520  \\$aThis work brings together in their original format, all of the writings over 51 years of Lisa M. Peppercorn on Villa-Lobos, the leading figure in 20th century Latin American music. They cover his life, family and music and include a selection of his letters.
 

=942  \\$cBOO
=952  \\$00$10$2ddc$40$6BIO_VILL_D$70$8BIO$919666$aORPH$bORPH$cKTS1_P$d2021-10-26$oBIO VILL d$p20129757$r2021-01-12 00:00:00$w2021-01-12$yBOO
=999  \\$c19598$d19598

