=LDR  01506aam a2200301   4500
=001  19605
=005  20251003085500.0
=008  120716s2009\\\\\\\\\\\\\m\\\\\\\\0\eng\d
=041  \\$aeng
=100  \\$aSutcliffe, Richard$4aut$920635
=245  \\$aThe Viola da Gamba Family of Instruments from 1750 to 1850
=260  \\$aGhent$bOrpheus Instituut$c2009
=300  \\$a453 pages
=546  \\$a20131396
20131396

=590  \\$aThesis submitted to obtain the title of 'Laureate of the Orpheus Institute' by Richard Sutcliffe. DocArtes 2009. Mentor: Jan De Winne
=648  \0$a18th Century (1701-1800)$1http://www.wikidata.org/entity/Q7015$920899
=648  \0$a19th Century (1801-1900)$1http://www.wikidata.org/entity/Q6955$920935
=650  \0$aViola da gamba$1http://www.wikidata.org/entity/Q96066477$93955
=650  \0$aOrganology$1http://www.wikidata.org/entity/Q899293$921400
=650  \0$aMusic history$1http://www.wikidata.org/entity/Q846047$921373
=650  \0$aInstrumentalist$1http://www.wikidata.org/entity/Q1278335$921706
=650  \0$aInstrumental music$1http://www.wikidata.org/entity/Q639197$92106
=650  \0$aIconography$1http://www.wikidata.org/entity/Q208145$921259
=650  \0$aCatalogue$1http://www.wikidata.org/entity/Q2352616$921484
=651  \0$aEurope$1http://www.wikidata.org/entity/Q46$991
=942  \\$cDIS
=952  \\$00$10$2ddc$40$6MTP_5_000000000000000_SUTC$70$8MTP$919673$aORPH$bORPH$cKM12_1$d2021-08-31$oMTP5 SUTC$p20131396$r2021-01-12 00:00:00$w2021-01-12$yDIS
=999  \\$d19605

