=LDR  00889aam a2200181   4500
=001  19607
=008  161206s1889\\\\fr\g\\\\\\\\\\\\\\0\fre\d
=041  \\$af
=100  \\$aSauzay, Eugène$d1809-1901$1http://www.wikidata.org/entity/Q4426800$4aut$920639
=245  \\$aLe violon harmonique. Ses ressources, son emploi dans les ecoles anciennes et modernes. Etude complétée par un cours d'harmonie à l'usage des violonistes
=260  \\$aParis$bLibrairie Firmin-Didot et Cie$c1889
=300  \\$a261 pages
=650  \0$aViolin$1http://www.wikidata.org/entity/Q8355$92783
=650  \0$aMethod$1http://www.wikidata.org/entity/Q2250960$921402
=650  \0$aHarmony$1http://www.wikidata.org/entity/Q184421$92358
=942  \\$cBOO
=952  \\$00$10$2ddc$40$6INS_4_000000000000000_1C_SAUZ$70$8INS$919675$aORPH$bORPH$cKTS0$d2023-10-31$l0$oINS4.1c SAUZ$p20131118$r2021-01-12 00:00:00$w2021-01-12$yBOO
=999  \\$d19607

