=LDR  02334aam a2200253   4500
=001  19608
=005  20251001162314.0
=008  160517s2015\\\\\\\go\\\\\\\\\\\\\0\eng\d
=020  \\$a9780226156774
=041  \\$aeng
=100  \\$aBeghin, Tom$4aut$1https://orcid.org/0000-0001-7919-8985$917739
=245  \\$aThe Virtual Haydn:$bParadox of a Twenty-First-Century Keyboardist
=260  \\$aChicago$bThe University of Chicago Press$c2015
=300  \\$a329 pages
=520  \\$aHaydn's music has been performed continuously for more than two hundred years. But what do we play, and what do we listen to, when it comes to Haydn? Can we still appreciate the rich rhetorical nuances of this music, which from its earliest days was meant to be played by professionals and amateurs alike?

With The Virtual Haydn, Tom Beghin - himself a professional keyboard player - delves deeply into eighteenth-century history and musicology to help us hear a properly complex Haydn. Unusually for a scholarly work, the book is presented in the first person, as Beghin takes us on what is clearly a very personal journey into the past. When a discussion of a group of Viennese sonatas, for example, leads him into an analysis of the contemporary interest in physiognomy, Beghin applies what he learns about the role of facial expressions during his own performance of the music. Elsewhere, he analyzes gesture and gender, changes in keyboard technology, and the role of amateurs in eighteenth-century musical culture.

The resulting book is itself a fascinating, bravura performance, one that partakes of eighteenth-century idiosyncrasy while drawing on a panoply of twenty-first-century knowledge.
=600  \0$aHaydn, Joseph$d1732-1809$1http://www.wikidata.org/entity/Q7349$94783
=650  \0$aLegacy$1http://www.wikidata.org/entity/Q623282$922131
=650  \0$aMusic history$1http://www.wikidata.org/entity/Q846047$921373
=650  \0$aComposer$1http://www.wikidata.org/entity/Q36834$93625
=650  \0$aKeyboard music$1http://www.wikidata.org/entity/Q105715630$921412
=650  \0$aMusic philosophy and aesthetics$1http://www.wikidata.org/entity/Q2092865$921165
=942  \\$cBOO
=952  \\$00$10$2ddc$40$6BIO_HAYD1_D$70$8BIO$919676$aORPH$bORPH$cKTS1_P$d2022-09-08$l1$m1$oBIO HAYD1 d$p20131967$r2022-09-08 00:00:00$s2021-03-10$w2021-01-12$yBOO
=999  \\$d19608

