=LDR  02862aam a2200229   4500
=001  19611
=005  20250120120125.0
=008  191003s1984\\\\\\\\\\\\\\\\\\\\\\0\eng
=020  \\$a081420404X
=041  \\$aeng
=100  \\$aSklute, Larry$4aut$920641
=245  \\$aVirtue of Necessity:$bInconclusiveness and Narrative Form in Chaucer's Poetry
=260  \\$aColumbus, OH$bOhio State University Press$c1984
=300  \\$a160 pages
=520  \\$aChaucer left many of his poems unfinished. The House of Fame breaks off shortly before its end; the Legend of Good Women has two prologues and stops just before the narrator gives us the conclusion to the Legend of Hypermnestra. And the Canterbury Tales is a work of fragments within which the tales by the Cook, the Squire, the Monk, and the Pilgrim Chaucer are all incomplete.

This incompleteness becomes particularly interesting when one considers that Chaucers completed narratives fascinate most by their inconclusiveness. The Book of the Duchess solves a problem different from the one posed by its beginning. The Parliament of Fowls raises several questions about value that it never answers. And Troilus and Criseyde insists on answers that many students of medieval literature agree the body of the work neither asks nor requires. The Canterbury Tales, in its fragmentary structure, its alternating points of view, and its way of presenting debate without closing it, simply refuses to be conclusive.

In his examination of these frequently noted characteristics, Larry Sklute suggests some historical reasons for Chaucers inconclusiveness and considers how it both creates and affects meaning in his narrative forms. Dr. Sklute reads each work as Chaucers attempt to represent such antinomies as experience and authority, belief and proof, freedom and necessity, truth and opinion. He finds the inconclusiveness of Chaucers poems an indication that their author was not always satisfied with how well the narrative forms he had inherited embodied human experience; and he sees the shape of Chaucers literary career as a search for an appropriate form able to accommodate the inconclusiveness these antimonies create. The inconclusiveness that prevails throughout Chaucers literary career leads him to discover in the Canterbury Tales a kind of narrative unique in the Middle Agesa form that provided an early model for modern fiction.
=600  \0$aChaucer, Geoffrey$d1343-1400$1http://www.wikidata.org/entity/Q5683$910197
=648  \0$aMiddle Ages (500-1400)$1http://www.wikidata.org/entity/Q12554$920964
=650  \0$aPoetry$1http://www.wikidata.org/entity/Q482$93026
=651  \0$aUnited Kingdom$1http://www.wikidata.org/entity/Q21$9273
=942  \\$cBOO
=952  \\$00$10$2ddc$40$6BIO_CHAU_E$70$8BIO$919679$aORPH$bORPH$cKTS1_P$d2022-01-05$oBIO CHAU e$p20126015$r2021-01-12 00:00:00$w2021-01-12$yBOO
=999  \\$d19611

