=LDR  01876aam a2200181   4500
=001  19614
=005  20230123111216.0
=008  130416s1998\\\\\\\\\\\\\\\\\\\\\\0\e
=020  \\$a0393046699
=041  \\$aeng
=100  \\$aHoffman, Donald O.$4aut$920643
=245  \\$aVisual intelligence: How we create what we see
=260  \\$aLondon$bNorton & Company$c1998
=300  \\$a293
=520  \\$a"Don Hoffman . . . combines a deep understanding of the logic of perception, a gift for explaining it with simple displays that anyone can-quite literally-see, and a refreshing sense of wonder at the miracle of it all."--Steven Pinker, author of How the Mind Works

Cognitive scientist Donald Hoffman's exploration of the extraordinary creative genius of the mind's eye "has many virtues, of which sheer intellectual excitement is the foremost" (Nature). Hoffman explains that far from being a passive recorder of a preexisting world, the eye actively constructs every aspect of our visual experience. In an informal style replete with illustrations, Hoffman presents the compelling scientific evidence for vision's constructive powers, unveiling a grammar of vision - a set of rules that govern our perception of line, color, form, depth, and motion. Hoffman also describes the loss of these constructive powers in patients such as an artist who can no longer see or dream in color and a man who sees his father as an impostor. Finally, Hoffman explores the spinoffs of visual intelligence in the arts and technology, from film special effects to virtual reality. This is, in sum, "an outstanding example of creative popular science" (Publishers Weekly). 20 full-color and 130 black-and-white illustrations
=942  \\$cBOO
=952  \\$00$10$2ddc$40$6PHI_HOFF_A$70$8PHI$919682$aORPH$bORPH$cKM12_3_2$d2021-08-09$g45.00$oPHI HOFF a$p20133300$r2021-01-12 00:00:00$w2021-01-12$yBOO
=999  \\$c19614$d19614

