=LDR  01648aam a2200229   4500
=001  19616
=005  20251001162234.0
=008  150219s2012\\\\\\\a\\\\\\\\\\\\\\0\eng\d
=020  \\$a978056628567
=041  \\$aeng
=245  \\$aVital Beauty:$bReclaiming Aesthetics in the Tangle of Technology and Nature
=260  \\$aRotterdam$bV2_Publishing$c2012
=300  \\$a252 pages
=520  \\$aHow can the age-old notion of beauty regain an importance appropriate to the 21st century? Our need for beauty has not diminished, as hard as modernism tried to erase it from art and life and supplant it with the sublime. It was a sublime that increasingly associated itself with negation and deconstruction. In contrast, vital beauty, as defined by John Ruskin more than 150 years ago, is a beauty of sympathies and affinities with life forms. Yet vital beauty must be reinvented, since life forms today can be technological as well as natural. The concept of vital beauty raises the question of how we should design our environments, our objects and our lives, and of how we might one day invent a politics of beauty.

The publication was released during the Vital Beauty Symposium at May 16, 2012 in de Balie, Amsterdam.
=650  \0$aAesthetics$1http://www.wikidata.org/entity/Q35986$921494
=650  \0$aTechnology$1http://www.wikidata.org/entity/Q11016$921633
=700  \\$4edt$aBrouwer, Joke$916019
=700  \\$4edt$aMulder, Arjen$916021
=700  \\$4edt$920645$aSpuybroeck, Lars
=942  \\$cBOO
=952  \\$00$10$2ddc$40$6AES_BROU$70$8AES$919684$aORPH$bORPH$cKM12_1$d2015-02-10$g22.50$oAES BROU$p20132745$r2021-01-12 00:00:00$w2021-01-12$yBOO
=999  \\$d19616

