=LDR  01511aam a2200253   4500
=001  19621
=005  20250925143306.0
=008  180919b\\\\\\\\\\\\\\\\\\\\\\\\\\0\dut
=041  \\$adut$hger
=100  \\$4aut$aWagner, Richard$d1813-1883$1http://www.wikidata.org/entity/Q1511$97120
=245  \\$aDe vliegende Hollander.$bZangspel in drie bedrijven
=260  \\$aAntwerp$bBoucherij$cc. 1903-7
=300  \\$a44 pages
=500  \\$aContains a short biography of Wagner and a discussion of the libretto
=534  \\$aFirst edition? Wagner's opera, which premiered in Dresden in 1843, was already given in Dutch in Antwerp in 1894, though using a metric translation by Jos. Van de Vyver. It was printed for the 'Nederlandsch Lyrisch Tooneel', but then altered to serve the Vlaamsche Opera (which opened in 1907). The preface is dated April 1903.
=610  \0$aOpera Ballet Vlaanderen (Ghent and Antwerp, Belgium)$1http://www.wikidata.org/entity/Q2500784$921505
=648  \0$a20th Century (1901-2000)$1http://www.wikidata.org/entity/Q6927$920936
=650  \0$aOpera$1http://www.wikidata.org/entity/Q1344$92468
=650  \0$aLibretto$1http://www.wikidata.org/entity/Q131084$94031
=700  \\$4trl$aKeurvels, Edward$d1853-1916$1http://www.wikidata.org/entity/Q2750289$918623
=765  \\$aDer fliegende Holländer
=942  \\$cBOO
=952  \\$00$10$2ddc$40$6KTS_1_000000000000000_C3_15_23$70$8RAR$919689$aORPH$bORPH$cKTS1_C3$d2021-09-08$oKTS1 C3.15 (23)$p20136431$r2021-01-12 00:00:00$w2021-01-12$yBOO
=999  \\$c19621$d19621

