=LDR  02220aam a2200193   4500
=001  19623
=005  20250120120123.0
=008  151009s2006\\\\\\\\\\\\\\\\\\\\\\0\eng\d
=020  \\$a9780262541879
=041  \\$aeng
=100  \\$aDolar, Mladen$4aut$1http://www.wikidata.org/entity/Q4164381$917815
=245  \\$aA Voice and Nothing More
=260  \\$aMassachusetts$bMassachusetts Institute of Technology$c2006
=300  \\$a213 pages
=520  \\$aPlutarch tells the story of a man who plucked a nightingale and finding but little to eat exclaimed: "You are just a voice and nothing more." Plucking the feathers of meaning that cover the voice, dismantling the body from which the voice seems to emanate, resisting the Sirens' song of fascination with the voice, concentrating on "the voice and nothing more": this is the difficult task that philosopher Mladen Dolar relentlessly pursues in this seminal work.

The voice did not figure as a major philosophical topic until the 1960s, when Derrida and Lacan separately proposed it as a central theoretical concern. In 'A Voice and Nothing More' Dolar goes beyond Derrida's idea of "phonocentrism" and revives and develops Lacan's claim that the voice is one of the paramount embodiments of the psychoanalytic object (objet a). Dolar proposes that, apart from the two commonly understood uses of the voice as a vehicle of meaning and as a source of aesthetic admiration, there is a third level of understanding: the voice as an object that can be seen as the lever of thought. He investigates the object voice on a number of different levelsthe linguistics of the voice, the metaphysics of the voice, the ethics of the voice (with the voice of conscience), the paradoxical relation between the voice and the body, the politics of the voice and he scrutinizes the uses of the voice in Freud and Kafka. With this foundational work, Dolar gives us a philosophically grounded theory of the voice as a Lacanian object-cause.
=650  \0$aPhilosophy$1http://www.wikidata.org/entity/Q5891$92357
=942  \\$cBOO
=952  \\$00$10$2ddc$40$6PHI_MLAD_A$70$8PHI$919691$aORPH$bORPH$cKM12_1$d2015-06-01$l1$oPHI MLAD a$p20139108$r2022-06-08 00:00:00$s2021-03-12$v30.99$w2015-06-01$yBOO
=999  \\$d19623

