=LDR  00652aam a2200169   4500
=001  19627
=005  20250109133054.0
=008  191008b\\\\\\\\\\\\\\\\\\\\\\\\\\0\eng
=245  \\$aThe international red label catalogue of 'DB' & 'DA'. His Masters Voice Recordings 1924-1956.$bBook I - 'DB' (12 inch)
=260  \\$aEngland$bThe Oakwood Press
=300  \\$a400 pages
=490  \\$aVoices of the past$vVol. 4
=700  \\$4aut$aBennett, John R.$920656
=700  \\$4aut$aHughes, Eric$920657
=942  \\$cBOO
=952  \\$00$10$2ddc$40$6REF_1_000000000000000$70$8REF$919695$aORPH$bORPH$cKM12_1$d2021-08-31$oREF1$p20131065$r2021-01-12 00:00:00$w2021-01-12$yBOO
=999  \\$d19627

