=LDR  01121aam a2200181   4500
=001  19629
=005  20250109133054.0
=008  140522s2013\\\\\\\\\\\\\\\\\\\\\\0\f
=020  \\$a9782844266392
=041  \\$af
=100  \\$aCartier-Bresson, Henri$4aut$920659
=245  \\$aVoir est un tout: Entretiens et conservations (1951-1998)
=260  \\$aParis$bCentre Pompidou$c2013
=300  \\$a158
=520  \\$aCet ouvrage réunit douze entretiens et conversations avec Henri Cartier-Bresson réalisés entre 1951 et 1998 qui, pour la plupart, n'ont pas été réédités depuis leur publication. Ils révèlent un homme passionnant et passionné, qui parle de son oeuvre, commente l'état du monde et revient sur son parcours. Echelonnés sur près d'un demi-siècle, ces moments de parole permettent aussi de voir évoluer la pensée du photographe. 
Ils donnent de Cartier-Bresson une image non pas figée dans la légende, mais au contraire bien vivante.
=942  \\$cBOO
=952  \\$00$10$2ddc$40$6BIO_CART_B$70$8BIO$919697$aORPH$bORPH$cKTS1_P$d2021-10-19$oBIO CART b$p20130109$r2021-01-12 00:00:00$w2021-01-12$yBOO
=999  \\$c19629$d19629

