=LDR  00869aam a2200229   4500
=001  19630
=005  20250925143306.0
=008  151124s1997\\\\fr\\\\\\\\\\\\\\\\0\fre
=020  \\$a9782852035928
=041  \\$afre
=100  \\$aCollomb, Michel$4edt$920660
=245  \\$aVoix et création au XXème siècle.$bActes du colloque de Montpellier, 26, 27, 28 janvier 1995
=260  \\$aParis$bHonoré Champion$c1997
=300  \\$a321 pages
=336  \\$aprinted
=490  \\$aChampion-Varia$v5
=648  \0$a20th Century (1901-2000)$1http://www.wikidata.org/entity/Q6927$920936
=650  \0$aVocal music$1http://www.wikidata.org/entity/Q685884$93319
=651  \0$aEurope$1http://www.wikidata.org/entity/Q46$991
=942  \\$cBOO
=952  \\$00$10$2ddc$40$6INS_2A$70$8INS$919698$aORPH$bORPH$cKTS0$d2021-10-22$g38.00$oINS2a$p20130101$r2021-01-12 00:00:00$w2021-01-12$yBOO
=999  \\$d19630

