=LDR  01591aam a2200217   4500
=001  19633
=005  20251103124002.0
=008  141002s2014\\\\\\\\\\\\\\\\\\\\\\0\ger
=041  \\$ager
=100  \\$aGenewein, Claire$d1970-$4aut$920661
=245  \\$aVokales instrumentalspiel in der zweiten hälfte des 18. Jahrhunderts.$bDie Aufführungspraxis italienischer Instrumentalmusik in der Auseinandersetzung mit Vokalmusik und Text: Quellen und moderne Umsetzung
=260  \\$aLeiden$bUniversiteit Leiden$c2014
=300  \\$a360 pages
=520  \\$aProefschrift ter verkrijging van de graad van Doctor aan de Universiteit Leiden op gezag van de Rector Magnificus prof. mr. C.J.J.M. Stolker, volgens besluit van het College voor promoties te verdedigen op 11 juni 2014.


=942  \\$cDIS
=952  \\$00$10$2ddc$40$6MTP_5_000000000000000_GENE$70$8MTP$919701$aORPH$bORPH$cKM12_1$d2021-08-31$oMTP5 GENE$p20134084$r2021-01-12 00:00:00$w2021-01-12$yDIS
=952  \\$00$10$2ddc$40$6MTP_5_000000000000000_GENE$70$8MTP$919702$aORPH$bORPH$cKM12_1$d2021-08-31$oMTP5 GENE$p20134090$r2021-01-12 00:00:00$w2021-01-12$yDIS
=952  \\$00$10$2ddc$40$6MTP_5_000000000000000_GENE$70$8MTP$919703$aORPH$bORPH$cKM12_1$d2021-08-31$oMTP5 GENE$p20134089$r2021-01-12 00:00:00$w2021-01-12$yDIS
=952  \\$00$10$2ddc$40$6MTP_5_000000000000000_GENE$70$8MTP$919704$aORPH$bORPH$cKM12_1$d2021-08-31$oMTP5 GENE$p20134091$r2021-01-12 00:00:00$w2021-01-12$yDIS
=952  \\$00$10$2ddc$40$6MTP_5_000000000000000_GENE$70$8MTP$919705$aORPH$bORPH$cKM12_1$d2021-08-31$oMTP5 GENE$p20134092$r2021-01-12 00:00:00$w2021-01-12$yDIS
=999  \\$d19633

