=LDR  01147aam a2200229   4500
=001  19635
=005  20250605144308.0
=008  150520s1920\\\\\\\\\\\\\\\\\\\\\\0ddut
=041  \\$adut
=100  \\$aDe Vriese, Lodewijk$d1848-1932$4aut$1http://www.wikidata.org/entity/Q20830621$920663
=245  \\$aDe volkszanger Karel Waeri herdacht (bijdrage tot folklore)
=260  \\$aGhent$bVan Goethem$c1920
=300  \\$a80 pages
=600  \0$aWaeri, Karel$d1842-1898$1http://www.wikidata.org/entity/Q1894239$922175
=648  \0$a19th Century (1801-1900)$1http://www.wikidata.org/entity/Q6955$920935
=650  \0$aSinger$1http://www.wikidata.org/entity/Q177220$93915
=650  \0$aComposer$1http://www.wikidata.org/entity/Q36834$93625
=651  \0$aGhent (Belgium)$1http://www.wikidata.org/entity/Q1296$920924
=942  \\$cBOO
=952  \\$00$10$2ddc$40$6BIO_WAER_D$70$8BIO$913074$aORPH$bORPH$cKTS1_P$d2021-09-10$oBIO WAER d$p20130594$r2021-01-12 00:00:00$w2021-01-12$yBOO$OBIO WAER d 1920
=952  \\$00$10$40$6BIO_WAER_D$70$8BIO$919707$aORPH$bORPH$cKTS1_P$d2021-09-10$g25.00$oBIO WAER d$p20115476$r2021-01-12 00:00:00$w2021-01-12$yBOO$VDe lezenaar
=999  \\$d19635

