=LDR  03590aam a2200253   4500
=001  19639
=005  20251001162314.0
=008  120227s2008\\\\\\\\\\\\\\\\\\\\\\0\ger
=020  \\$a9783936000467
=041  \\$ager
=100  \\$4edt$aKlüppelholz, Werner$918240
=245  \\$aVom instrumentalen zum imaginären Theater:$bMusikästhetische Wandlungen im Werk von Mauricio Kagel
=260  \\$aHofheim$bWolke$c2008
=300  \\$a192 pages$bphotographs$eDVD
=520  \\$aWelch unglaubliche Entwicklung liegt zwischen Stücken wie Match, Staatstheater, Zwei-Mann-Orchester und Broken Chords, Das Konzert oder dem V. Streichquartett.

Doch wenn sich Mauricio Kagel auch mittlerweile traditioneller Klangkörper wie Klaviertrio, Streichquartett oder Sinfonieorchester bedient, erhebt sich stets noch und immer wieder aufs Neue die Frage: Was steckt hinter den Klängen? Mit Stichworten wie »musikalische Charaktere« oder »imaginäres Theater« hat Kagel selbst Fingerzeige gegeben. Die hier versammelten Referate des »1. Internationalen Kagel-Symposions« an der Universität Siegen demonstrieren, daß sich damit eine so neuartige wie ungemein fruchtbare Perspektive nicht allein auf die späteren Kompositionen, sondern auch auf das Frühwerk eröffnet. Bei aller Vielfalt der Klänge, Bilder und Wörter entspringt Kagels ?uvre auf verblüffende Weise einer Einheit der Gegensätze. Ergänzt werden die Vorträge um die Texte und die Komposition Quasi niente, für geschlossene Münder, die anlässlich Kagels Siegener Ehrenpromotion entstanden sind.

Eine DVD illustriert dieses Kagel-Symposion in Ausschnitten.

Die Beiträge:
Werner Klüppelholz, Zum Stand der Forschung und zu diesem Symposion
Wieland Reich, Absicht und Ziel. Der Anfang als kompositorische Kategorie bei Kagel
Matthias Kassel, Textgespinste ? Zur textlich-musikalischen Verflechtung in einigen Vokalwerken Mauricio Kagels
Helga de la Motte-Haber, Entführung aus dem Rahmen des Konzertsaals
Matthias Rebstock, Zur Präsenz des Abwesenden im instrumentalen Theater von Mauricio Kagel
Karl-Heinz Zarius, »Ein akustischer Stummfilm«. Kritische Reflexionen zur immanenten Theatralik der Musik von Mauricio Kagel
Christa Brüstle, Virtual reality ? real virtuality. Kagel-Exegese im Medienzeitalter
Björn Heile, Homo ludens? Spiel und Spielen im Werk von Mauricio Kagel
Knut Holtsträter, Kagels serielle Tonalität als Weiterführung von Liszts Konzept
des »poetischen Gedankens«
Pia Steigerwald, Gefühlte Form ? musikalische Reflexion.
Anmerkungen zu Kagels Klaviermusik der 1990er Jahre
Jörg Rothkamm, Rhythmische Synchronizität zwischen Musik und Choreographie:
Pas de cinq von Mauricio Kagel (1965) als »Instrumentales« und »Imaginäres Theater«
Frans de Ruiter, Laudatio (Zur Verleihung des Grades eines Dr. phil. h. c. an Mauricio Kagel
Mauricio Kagel, Danksagung
Werner Klüppelholz, Das Symposion summt. Fast nichts zu Kagels Quasi niente


=600  \0$aKagel, Mauricio$d1931-2008$1http://www.wikidata.org/entity/Q178293$916378
=648  \0$a20th Century (1901-2000)$1http://www.wikidata.org/entity/Q6927$920936
=650  \0$aMusic theater$1http://www.wikidata.org/entity/Q96394452$92065
=650  \0$aAvant-garde$1http://www.wikidata.org/entity/Q102932$921178
=650  \0$aMusic philosophy and aesthetics$1http://www.wikidata.org/entity/Q2092865$921165
=651  \0$aGermany$1http://www.wikidata.org/entity/Q183$9155
=942  \\$cBOO
=952  \\$00$10$2ddc$40$6BIO_KAGE_E$70$8BIO$919711$aORPH$bORPH$cKTS1_P$d2012-02-24$g48.00$l0$oBIO KAGE e$p20134911$r2023-01-26 00:00:00$w2021-01-12$yBOO
=999  \\$d19639

