=LDR  02608aam a2200385   4500
=001  19654
=005  20250121142132.0
=008  180903s1919\\\\\\\a\\\\\\\\\\\\\\0dfre\d
=041  \\$afre
=100  \\$aRolland, Romain$d1866-1944$4aut$1http://www.wikidata.org/entity/Q47162$920674
=245  \\$aVoyage musical aux pays du passé
=250  \\$a1st ed.
=260  \\$aParis$bEdouard-Joseph$c1919
=300  \\$a271-[36] pages$bpaper bound, etchings
=490  \\$aPetites curiosités littéraires
=500  \\$aGerman translation "Musikalische Reise ins Land der Vergangenheit " 1923 see GHM5 (30E11 / 20123357)
=505  \\$gAvant-propos -- Le Roman comique d'un musicien, au xviii dècle [Der musicalische Quack-Salber de J. Kuhnau] -- La Vie musicale d'un amateur anglais au temps de Charles II, d'après le Journal de Pepys -- Portrait de Hændel -- Les Origines du "style classique" dans la musique du xviii siècle -- L'Autobiographie d'un illustre oublié : Telemann, rival heureux de J. S. Bach -- Métastase, précurseur de Gluck -- Voyage musical à travers l'Europe du XVIIIe siècle: I. Italie. II. Allemagne
=563  \\$a revealing significant wear, unopened and uncut pages of different size
=590  \\$aAvec neuf planches et nombreux ornements dessinés et gravés sur bois
=600  \0$aKuhnau, Johann$d1660-1722$1http://www.wikidata.org/entity/Q157359$95086
=600  \0$aPepys, Samuel$d1633-1703$1http://www.wikidata.org/entity/Q106143$913215
=600  \0$aHandel, George Frideric$d1685-1759$1http://www.wikidata.org/entity/Q7302$94765
=600  \0$aTelemann, Georg Philipp$d1681-1767$1http://www.wikidata.org/entity/Q75854$99287
=600  \0$aMetastasio, Pietro$d1698-1782$1http://www.wikidata.org/entity/Q29473$96031
=648  \0$a17th Century (1601-1700)$1http://www.wikidata.org/entity/Q7016$920923
=648  \0$a18th Century (1701-1800)$1http://www.wikidata.org/entity/Q7015$920899
=650  \0$aMusic history$1http://www.wikidata.org/entity/Q846047$921373
=650  \0$aComposer$1http://www.wikidata.org/entity/Q36834$93625
=650  \0$aBiography$1http://www.wikidata.org/entity/Q36279$91927
=651  \0$aEurope$1http://www.wikidata.org/entity/Q46$991
=700  \\$aGalanis, Démétrius Emmanuel$d1882-1966$1http://www.wikidata.org/entity/Q330976$4etr$4egr$925129
=856  \\$uhttps://archive.org/details/voyagemusicalaup00roll/page/n11/mode/2up$3Internet Archive
=942  \\$cBOO
=952  \\$00$10$2ddc$40$6KTS_1_000000000000000_H_04_027$70$8RAR$919727$aORPH$bORPH$cKTS1_H$d2022-09-02$l0$oKTS1 H.04.027$p20146601$r2021-01-12 00:00:00$w2021-01-12$yBOO
=999  \\$d19654

