=LDR  01706aam a2200277   4500
=001  19658
=005  20250925143306.0
=008  140926s1902\\\\\\\g\\\\\\\\\\\\\\0\fre\d
=041  \\$afre
=100  \\$aDechevrens, Antoine$d1840-1912$4aut$920676
=245  \\$aLes vraies mélodies grégoriennes :$bVespéral des dimanche et fetes de l'année
=260  \\$aParis$bBeauchesne$c1902
=300  \\$a3 vols. (147+118+102-XII-[2] pages)
=500  \\$aVolume 1 Text and vols. 2-3 music
=590  \\$avol. 1: Extrait de l'antiphonaire de B. Hartker. Texte complet; vol. 2: Traduit des manuscrits de Saint-Gall (notation rythmique ancienne); vol. 3: Traduit des manuscrits de Saint-Gall (notation rythmique moderne)
=648  \0$a20th Century (1901-2000)$1http://www.wikidata.org/entity/Q6927$920936
=650  \0$aMusic theory$1http://www.wikidata.org/entity/Q193544$92662
=650  \0$aAntiphonary$1http://www.wikidata.org/entity/Q1385360$921617
=650  \0$aPlainchant$1http://www.wikidata.org/entity/Q2707688$921363
=650  \0$aVespers$1http://www.wikidata.org/entity/Q827135$93370
=651  \0$aFrance$1http://www.wikidata.org/entity/Q142$9131
=942  \\$cBOO
=952  \\$00$10$2ddc$3Vol. 3: Music$40$6KTS_1_000000000000000_H_XX_XX$70$8RAR$919729$aORPH$bORPH$cKTS1_H$l0$oKTS1 H.XX.XX$p20143710$r2021-01-12 00:00:00$w2021-01-12$yBOO
=952  \\$00$10$2ddc$3vol. 2: Music$40$6KTS_1_000000000000000_H_XX_XX$70$8RAR$919730$aORPH$bORPH$cKTS1_H$d2021-10-28$oKTS1 H.XX.XX$p20143709$r2021-01-12 00:00:00$w2021-01-12$yBOO
=952  \\$00$10$2ddc$3vol. 1: Text$40$6KTS_1_000000000000000_H_XX_XX$70$8RAR$919731$aORPH$bORPH$cKTS1_H$d2021-10-28$oKTS1 H.XX.XX$p20143708$r2021-01-12 00:00:00$w2021-01-12$yBOO
=999  \\$d19658

