=LDR  01806aam a2200181   4500
=001  19661
=005  20250109133055.0
=008  120215s2003\\\\\\\\\\\\\\\\\\\\\\0\n
=020  \\$a90 5867 328 6
=041  \\$an
=100  \\$aSchiltz, Katelijne$4aut$920678
=245  \\$aVulgari orecchie purgate orecchie: De relatie tussen publiek en muziek in het Venetiaanse motetoeuvre van Adriaan Willaert
=260  \\$aLeuven$bUniversitaire Pers Leuven$c2003
=300  \\$a267
=520  \\$aHet Willaert-onderzoek van de afgelopen decennia heeft zich voornamelijk toegelegd op het uitdiepen van biografische data en de bespreking van specifieke genres. Ondanks het feit dat - afgezien van enkele vage beweringen in Gioseffo Zarlino's theoretische traktaten en Francesco Caffi's lijvige Storia della musica sacra nella gia cappella ducale di S. Marco in Venezia - over de eerste levensjaren van Adriaan Willaert amper iets bekend is, werd het grootste deel van zijn compositorische loopbaan uitgebreid becommentarieerd in meerdere studies. Zo verrichtte Lewis Lockwood onderzoek naar zijn activiteiten in dienst van de Ferrarese Este-familie, terwijl het archiefwerk van Giulio Maria Ongaro de kennis omtrent de muzikale organisatie van de Venetiaanse San Marco-basiliek, waaraan Willaert van 1527 tot aan zijn overlijden in 1562 was verbonden, aanzienlijk heeft verruimd. Daarnaast focussen enkele recente publicaties op Willaert contacten met vooraanstaande politieke figuren. De enige monografie, waarin zowel de levensloop en het oeuvre als de schrijfstijl van de componist worden belicht, werd in 1985 uitgegeven door Ignace Bossuyt. 


=942  \\$cBOO
=952  \\$00$10$2ddc$40$6BIO_WILL4_E$70$8BIO$919734$aORPH$bORPH$cKTS1_P$d2021-10-26$eKoopman$oBIO WILL4 e$p20130603$r2021-01-12 00:00:00$w2021-01-12$yBOO
=999  \\$c19661$d19661

