=LDR  00750aam a2200169   4500
=001  19662
=005  20250120120024.0
=008  120330s1992\\\\\\\\\\\\\\\\\\\\\\0\\\\
=020  \\$a9789060094785
=100  \\$aNietzsche, Friedrich Wilhelm$d1844-1900$4aut$1http://www.wikidata.org/entity/Q9358$915868
=245  \\$aWaarheid en cultuur
=260  \\$aAmsterdam$bBoom$c1992
=300  \\$a191
=520  \\$aVroege opstellen van de Duitse filosoof (1844-1900) over geschiedenis, algemene ontwikkeling, ziekte of gezondheid van de cultuur, waarheid en leugen, en antieke filosofie.
=942  \\$cBOO
=952  \\$00$10$2ddc$40$6PHI_NIET_A$70$8PHI$919735$aORPH$bORPH$cKM12_3_2$d2021-08-10$g765.00$oPHI NIET a$p20133498$r2021-01-12 00:00:00$w2021-01-12$yBOO
=999  \\$c19662$d19662

