=LDR  00591aam a2200169   4500
=001  19663
=005  20250120120114.0
=008  170221s1934\\\\\\\\\\\\\\\\\\\\\\0\n
=041  \\$adut
=100  \\$aBerg, I.J.M. Van Den$4aut$917505
=245  \\$aWaarheid en zekerheid
=260  \\$aUtrecht$bN.V. DEKKER & VAN DE VEGT$c1934
=300  \\$a32
=520  \\$aOverdruk uit Tijdschrift voor Zielkunde en Opvoedingsleer - Maart 1934
=942  \\$cBOO
=952  \\$00$10$2ddc$40$6PHI_BERG_A$70$8PHI$919736$aORPH$bORPH$cKM12_3_2$d2021-08-11$oPHI BERG a$p20133571$r2021-01-12 00:00:00$w2021-01-12$yBOO
=999  \\$c19663$d19663

