=LDR  00952aam a2200217   4500
=001  19665
=005  20251001162234.0
=008  120222s1996\\\\\\\\\\\\\\\\\\\\\\0\n
=020  \\$a9789068318869
=041  \\$adut
=100  \\$aBraeckman, Antoon$4aut$917322
=245  \\$aDe waarheid van de kunst:$bOver de rol van het esthetische in Schellings romantische moderniteitskritiek
=260  \\$aLeuven$bPeeters$c1996
=300  \\$a189 pages
=600  \0$aSchelling, Friedrich Wilhelm Joseph von $d1775-1854$1http://www.wikidata.org/entity/Q60070$917319
=648  \0$a19th Century (1801-1900)$1http://www.wikidata.org/entity/Q6955$920935
=650  \0$aAesthetics$1http://www.wikidata.org/entity/Q35986$921494
=650  \0$aRomanticism$1http://www.wikidata.org/entity/Q37068$921719
=942  \\$cBOO
=952  \\$00$10$2ddc$40$6PHI_SCHE_B_BRAE$70$8PHI$919738$aORPH$bORPH$cKM12_3_2$d2021-08-18$oPHI SCHE b BRAE$p20133941$r2021-01-12 00:00:00$w2021-01-12$yBOO
=999  \\$d19665

