=LDR  00527aam a2200157   4500
=001  19666
=005  20250109133055.0
=008  140925s1983\\\\\\\\\\\\\\\\\\\\\\0\n
=041  \\$adut
=100  \\$aWauters, Karel$4aut$920680
=245  \\$aWagner en Vlaanderen 1844-1914: cultuurhistorische studie
=260  \\$aGent$bKoninklijke Academie$c1983
=300  \\$a539
=942  \\$cBOO
=952  \\$00$10$2ddc$40$6BIO_WAGN1_E$70$8BIO$919739$aORPH$bORPH$cKTS1_P$d2021-10-26$oBIO WAGN1 e$p20129920$r2021-01-12 00:00:00$w2021-01-12$yBOO
=999  \\$c19666$d19666

