=LDR  00558aam a2200169   4500
=001  19667
=005  20250109133055.0
=008  161205s1998\\\\\\\\\\\\\\\\\\\\\\0\f
=020  \\$a9782862745565
=041  \\$afre
=100  \\$aEugène, Eric$4aut$920681
=245  \\$aWagner et Gobineau: existe-t-il un racisme wagnérien?
=260  \\$aParis$bLe cherche midi éditeur$c1998
=300  \\$a254
=942  \\$cBOO
=952  \\$00$10$2ddc$40$6BIO_WAGN1_E$70$8BIO$919740$aORPH$bORPH$cKTS1_P$d2021-10-26$oBIO WAGN1 e$p20129870$r2021-01-12 00:00:00$w2021-01-12$yBOO
=999  \\$c19667$d19667

