=LDR  00916aam a2200253   4500
=001  19670
=005  20250925143306.0
=008  120424s1993\\\\\\\\\\\\\\\\\\\\\\0\ger
=020  \\$a9783761456138
=041  \\$ager
=100  \\$aGadamer, Hans-Georg$d1900-2002$4aut$910070
=245  \\$aWahrheit und Methode:$bErgänzungen. Register
=246  \1$aHermeneutik II
=250  \\$aRev. ed.
=260  \\$aTübingen$bMohr$c1993
=300  \\$a533 pages
=490  \\$aGesammelte Werke$v2
=534  \\$aOriginally published in 1986
=648  \0$a20th Century (1901-2000)$1http://www.wikidata.org/entity/Q6927$920936
=650  \0$aHermeneutics$1http://www.wikidata.org/entity/Q102686$922567
=651  \0$1http://www.wikidata.org/entity/Q183$aGermany$9155
=942  \\$cBOO
=952  \\$00$10$2ddc$40$6PHI_GADA_A$70$8PHI$919743$aORPH$bORPH$cKM12_3_2$d2021-08-11$oPHI GADA a$p20133674$r2021-01-12 00:00:00$w2021-01-12$yBOO
=999  \\$d19670

