=LDR  02755aam a2200265   4500
=001  19671
=005  20250925143306.0
=008  120424s1975\\\\\\\\\\\\\\\\\\\\\\0\ger
=020  \\$a9783761456138
=041  \\$ager
=100  \\$aGadamer, Hans-Georg$d1900-2002$4aut$910070
=245  \\$aWahrheit und Methode:$bGrundzüge einer Philosophischen Hermeneutik
=246  \1$aHermeneutik I
=250  \\$a6th ed.
=260  \\$aTübingen$bMohr$c1990
=300  \\$a494 pages
=490  \\$aGesammelte Werke$v1
=520  \\$aIn Wahrheit und Methode entwickelte Hans-Georg Gadamer »Grundzüge einer philosophischen Hermeneutik« (Untertitel) im Hinblick auf die Erfahrung von Wahrheit.

Den Entschluss, eine Theorie der Hermeneutik auszuarbeiten, fasste Gadamer 1950, nachdem er in Heidelberg die Nachfolge von Karl R Jaspers angetreten hatte. Zu dieser Zeit stand er erneut und in verstärktem Maße unter dem Einfluss von Martin R Heidegger.
Inhalt: Die beiden im Titel durch ein unscheinbares »und« verbundenen Begriffe bezeichnen ein bipolares Verhältnis angesichts des neuzeitlichen wissenschaftlichen Methodenbewusstseins. Gadamers Verständnis der Hermeneutik als Lehre des Verstehens schließt die Dimensionen der Selbst- und Welterfahrung ein. Innerhalb dieses weiten Horizonts widmet er sich den Erkenntniswegen in der Begegnung mit der philosophischen und literarischen Überlieferung. Insbesondere untersucht er fachwissenschaftliche Verfahren wie die Geschichtswissenschaft und deren Verwendung von Sprache.

Gadamer insistiert auf der Reflexion von Begriffen, die z. B. bei der Beschreibung historischer Phänomene verwendet werden. Der Historiker unterwirft andernfalls seine Gegenstände den eigenen »Vorbegriffen«. Indem diese unweigerlich am Verstehen beteiligt sind, wäre es jedoch ebenso naiv, sie stillschweigend beiseite zu lassen. Vielmehr verlangt das Verstehen beispielsweise eines Textes, »die eigenen Vorbegriffe mit ins Spiel zu bringen, damit die Meinung des Textes für uns wirklich zum Sprechen gebracht wird«. Die Vorbegriffe sind, fernab bloßer Subjektivität, eine Brücke auf dem Weg zur Wahrheit. Ein Beispiel für sein hermeneutisches Verfahren im Umgang mit Literatur gab Gadamer 1973 mit Wer bin Ich und wer bist Du? Kommentar zu Paul Celans Gedichtfolge »Atemkristall«.
=534  \\$aOriginally published in 1960
=648  \0$a20th Century (1901-2000)$1http://www.wikidata.org/entity/Q6927$920936
=650  \0$aHermeneutics$1http://www.wikidata.org/entity/Q102686$922567
=651  \0$1http://www.wikidata.org/entity/Q183$aGermany$9155
=942  \\$cBOO
=952  \\$00$10$2ddc$40$6PHI_GADA_A$70$8PHI$919744$aORPH$bORPH$cKM12_3_2$d2021-08-11$g32.00$oPHI GADA a$p20133673$r2021-01-12 00:00:00$w2021-01-12$yBOO
=999  \\$d19671

