=LDR  01390aam a2200289   4500
=001  19672
=005  20250925143306.0
=008  120308t1997\\\\\\\\\\\\\\\\\\\\\\0\dut\d
=020  \\$a9789061686200
=041  \\$adut
=245  \\$aHet wakende woord:$bLiteratuur, ethiek en politiek bij Maurice Blanchot
=260  \\$aNijmegen$bSUN$c1997
=300  \\$a224 pages
=520  \\$aBeschouwingen over het werk van de Franse filosoof en schrijver (1907- ).
=600  \0$aBlanchot, Maurice$d1934-2003$1http://www.wikidata.org/entity/Q315210$924803
=648  \0$a20th Century (1901-2000)$1http://www.wikidata.org/entity/Q6927$920936
=650  \0$aPhilosophy$1http://www.wikidata.org/entity/Q5891$92357
=650  \0$aLiterature$1http://www.wikidata.org/entity/Q8242$94439
=650  \0$aEthics$1http://www.wikidata.org/entity/Q9465$924679
=650  \0$aPolitics$1http://www.wikidata.org/entity/Q7163$921826
=651  \0$aFrance$1http://www.wikidata.org/entity/Q142$9131
=700  \\$aNordholt, Annelies S.$4edt$920682
=700  \\$aKate, Laurens ten$d1958-$1http://www.wikidata.org/entity/Q113823879$4edt$920683
=700  \\$aVanden Veire, Frank$d1958-$1http://www.wikidata.org/entity/Q2373288$4edt$920684
=942  \\$cBOO
=952  \\$00$10$2ddc$40$6LIT_BLAN_B_NORD$70$8LIT$919745$aORPH$bORPH$cKM12_2_H$d2021-08-11$g11.00$oLIT BLAN b NORD$p20133608$r2021-01-12 00:00:00$w2021-01-12$yBOO
=999  \\$d19672

