=LDR  01397aam a2200193   4500
=001  19674
=005  20250109133055.0
=008  110913s1994\\\\\\\\\\\\\\\\\\\\\\0\e
=020  \\$a9780520084001
=041  \\$aeng
=100  \\$aWolin, Richard$4aut$920685
=245  \\$aWalter Benjamin : An aesthetic of redemption
=260  \\$aBerkeley$bUniversity of California Press$c1994
=250  \\$a2
=300  \\$a316
=520  \\$aFew twentieth-century thinkers have proven as influential as Walter Benjamin, the German-Jewish philosopher and cultural and literary critic. Richard Wolin's book remains among the clearest and most insightful introductions to Benjamin's writings, offering a philosophically rich exposition of his complex relationship to Adorno, Brecht, Jewish Messianism, and Western Marxism. Wolin provides nuanced interpretations of Benjamin's widely studied writings on Baudelaire, historiography, and art in the age of mechanical reproduction. In a new Introduction written especially for this edition, Wolin discusses the unfinished Arcades Project, as well as recent tendencies in the reception of Benjamin's work and the relevance of his ideas to contemporary debates about modernity and postmodernity.
=942  \\$cBOO
=952  \\$00$10$2ddc$40$6PHI_BENJ_B_WOLI$70$8PHI$919747$aORPH$bORPH$cKM12_3_2$d2021-08-11$oPHI BENJ b WOLI$p20133573$r2021-01-12 00:00:00$w2021-01-12$yBOO
=999  \\$c19674$d19674

