=LDR  02078aam a2200169   4500
=001  19677
=005  20230123104929.0
=008  170213s1948\\\\\\\\\\\\\\\\\\\\\\0\d
=041  \\$ager
=100  \\$aLandgrebe, Ludwig$4aut$919615
=245  \\$aWas bedeutet uns heute Philosophie?
=260  \\$aHamburg$bMarion von Schröder Verlag$c1948
=300  \\$a50
=520  \\$aLudwig Landgrebe, ein Kaufmannssohn, studierte zunächst in Wien Philosophie, Geschichte und Geographie. Zur Vertiefung seiner Kenntnisse wechselte er angeregt durch Schriften Max Schelers nach Freiburg. 1923 wurde er Assistent von Edmund Husserl. Nach der Promotion 1927 erfolgte die Habilitation 1935 in Prag bei Oskar Kraus. Nachdem er maßgeblich an der Verlagerung des wissenschaftlichen Nachlasses von Husserl beteiligt gewesen war, arbeitete er ab 1939 gemeinsam mit Husserls letztem Assistenten Eugen Fink in Löwen am dort eingerichteten Husserl-Archiv. Als Ehemann Ilse Maria Goldschmidts, Tochter Arthur Goldschmidts, der in jugendlichem Alter vom Judentum zum Christentum konvertierte, und Schwester des Schriftstellers Georges-Arthur Goldschmidt, wurde er 1940 mit seiner Familie nach Belgien deportiert und musste im Anschluss seinen Lebensunterhalt mit kaufmännischen Hilfsarbeiten in Hamburg verdienen.

1945 erreichte er eine Umhabilitierung nach Hamburg und wurde 1947 Ordinarius in Kiel, wo Hans Blumenberg und Kurt Hübner zu seinen Schülern gehörten. 1954 übernahm er einen Lehrstuhl an der Universität zu Köln, um dort das Husserl-Archiv der Universität zu leiten. Der Sozialphilosoph Günter Rohrmoser habilitierte sich bei ihm mit einer Arbeit über den jungen Hegel. [1] Landgrebe gilt als einer der engsten Schüler Husserls, der aber auch eigenständige Schwerpunkte im Bereich Geschichte, Religion und Politik entwickelte. Hier findet sich eine Nähe zur Existenzphilosophie und zur Metaphysik.
=942  \\$cBOO
=952  \\$00$10$2ddc$40$6PHI_0_000000000000000_LAND$70$8PHI$919750$aORPH$bORPH$cKM12_3_2$d2021-08-18$oPHI0 LAND$p20133975$r2021-01-12 00:00:00$w2021-01-12$yBOO
=999  \\$c19677$d19677

