=LDR  01157aam a2200217   4500
=001  19679
=005  20250120120017.0
=008  150414s2005\\\\\\\\\\\\\\\\\\\\\\0\ger
=020  \\$a9783150183564
=041  \\$ager
=100  \\$aHan, Byung-Chul$d1959-$4aut$1http://www.wikidata.org/entity/Q495875$915738
=245  \\$aWas ist Macht?
=260  \\$aStuttgart$bReclam$c2005
=300  \\$a148 pages
=490  \\$aReclams universal bibliothek$v18356
=520  \\$aSpätestens seit Nietzsche gehört "Macht" zu den umstrittensten, aber auch faszinierendsten Begriffen der Geistesgeschichte. Byung-Chul Han untersucht das vielschichtige Phänomen unter verschiedenen Fragestellungen, u.a.: Was bedeutet Macht? Welche metaphysischen Vorstellungen stehen hinter ihr? Wie funktioniert die Logik der Macht? Gibt es eine eigene Ethik der Macht?
=648  \0$a21st Century (2001-2100)$1http://www.wikidata.org/entity/Q6939$920812
=650  \0$aPhilosophy$1http://www.wikidata.org/entity/Q5891$92357
=942  \\$cBOO
=952  \\$00$10$2ddc$40$6PHI_HAN_A$70$8PHI$919752$aORPH$bORPH$cKM12_3_2$d2021-07-29$g4.00$oPHI HAN a$p20132789$r2021-01-12 00:00:00$w2021-01-12$yBOO
=999  \\$d19679

