=LDR  01365aam a2200289   4500
=001  19681
=005  20250925143306.0
=008  120309s1993\\\\\\\\\\\\\\\\\\\\\\idger\d
=020  \\$a978-3775704342
=041  \\$ager
=100  \\$4edt$aHahl-Koch, Jelena$915996
=245  \\$aWassily Kandinsky und Arnold Schönberg:$bDer Briefwechsel
=260  \\$aStuttgart$bHatje$c1993
=300  \\$a106 pages
=648  \0$a20th Century (1901-2000)$1http://www.wikidata.org/entity/Q6927$920936
=650  \0$aFine art$1http://www.wikidata.org/entity/Q219625$921579
=650  \0$aComposer$1http://www.wikidata.org/entity/Q36834$93625
=650  \0$aInterdisciplinarity$1http://www.wikidata.org/entity/Q849359$927077
=650  \0$aCorrespondence$1http://www.wikidata.org/entity/Q1784733$921392
=651  \0$aMunich (Germany)$1http://www.wikidata.org/entity/Q1726$9268
=651  \0$aVienna (Austria)$1http://www.wikidata.org/entity/Q1741$920937
=651  \0$aBerlin (Germany)$1http://www.wikidata.org/entity/Q64$948
=700  \\$aKandinsky, Wassily$d1866-1944$1http://www.wikidata.org/entity/Q61064$4aut$915995
=700  \\$aSchoenberg, Arnold$d1874-1951$1http://www.wikidata.org/entity/Q154770$4aut$915986
=942  \\$cBOO
=952  \\$00$10$2ddc$40$6BIO_KAND_A$70$8BIO$919754$aORPH$bORPH$cKTS1_P$d2021-10-19$oBIO KAND a$p20131064$r2021-01-12 00:00:00$w2021-01-12$yBOO
=999  \\$d19681

