=LDR  00717aam a2200181   4500
=001  19682
=005  20250109133055.0
=008  120216s1982\\\\\\\\\\\\\\\\\\\\\\0\d
=020  \\$a3729601466
=041  \\$ager
=100  \\$aFrauchiger, Urs$4aut$920689
=245  \\$aWas zum teufel ist mit der musik los: Eine art musiksoziologie für kenner und liebhaber
=260  \\$aWien$bZytglogge$c1982
=300  \\$a143 pages
=942  \\$cBOO$2ddc
=952  \\$00$10$2ddc$40$6AES_FRAU$70$8AES$97430$aORPH$bORPH$cKM12_1$d2021-01-12$l0$oAES FRAU$p20123620$r2021-01-12 00:00:00$w2021-01-12$yBOO
=952  \\$00$10$2ddc$40$6AES_FRAU$70$8AES$919755$aORPH$bORPH$cKM12_1$l0$oAES FRAU$p20135308$r2021-01-12 00:00:00$w2021-01-12$yBOO
=999  \\$c19682$d19682

