=LDR  01768aam a2200181   4500
=001  19684
=005  20250109133055.0
=008  120827s2007\\\\\\\\\\\\\\\\\\\\\\0\dut
=020  \\$a9789047300014
=100  \\$aVerhoeven, Nel$4aut$920690
=245  \\$aWat is onderzoek?: Praktijkboek methoden en technieken voor het hoger onderwijs
=250  \\$a2
=260  \\$aAmsterdam$bBoom$c2007
=300  \\$a334 pages
=520  \\$aWat is onderzoek? is een heldere inleiding in methoden en technieken van onderzoek. Het geeft antwoord op vragen als: wat is 'onderzoek doen' eigenlijk, hoe zet je een onderzoek op, welke stappen moet je nemen, hoe verzamel je gegevens en welke valkuilen zijn er?
Deze vierde, geheel herziene druk maakt het ingewikkelde proces van onderzoeken bijzonder inzichtelijk. Het neemt de student aan de hand om stap voor stap de vaardigheid van het onderzoeken te leren. De nadruk ligt daarbij op het verrichten van praktijkonderzoek, waarvan alle stadia worden doorlopen: van het opzetten van een onderzoek, het verzamelen van gegevens en het analyseren van resultaten, tot het trekken van conclusies en het beoordelen van onderzoeksverslagen. Door veel recente voorbeelden wordt steeds de link gelegd met de praktijk.
Bij het boek hoort een website met uitwerkingen van de opgaven, extra verdiepingsmateriaal, ontwerpcasussen, voorbeeld-datasets, powerpointpresentaties en een inleiding in het gebruik van spss.

Wat is onderzoek? is geschikt als inleiding voor studenten in het hoger onderwijs, maar dient ook als naslagwerk voor praktijkonderzoek.
=942  \\$cBOO
=952  \\$00$10$2ddc$3CD-ROM : 1$40$6REF_2_000000000000000_VERH$70$8REF$919757$aORPH$bORPH$cKM12_1$d2021-08-24$l2$oREF2 VERH$p20131180$r2025-05-05 14:49:57$s2025-05-05$w2021-01-12$yBOO
=999  \\$d19684

