=LDR  01238aam a2200193   4500
=001  19687
=005  20251001162314.0
=008  120131s2005\\\\\\\g\\\\\\\\\\\\\\0\eng\d
=020  \\$a9780195151947
=041  \\$aeng
=100  \\$aClarke, Eric F.$4aut$1http://www.wikidata.org/entity/Q62559666$916928
=245  \\$aWays of Listening:$ban Ecological Approach to the Perception of Musical Meaning
=260  \\$aOxford$bOxford University Press$c2005
=300  \\$a237 pages
=520  \\$aIn Ways of Listening, musicologist Eric Clarke explores musical meaning, music's critical function in human lives, and the relationship between listening and musical material. Clarke outlines an "ecological approach" to understanding the perception of music, arguing that the way we hear and understand music is not simply a function of our brain structure or of the musical "codes" given to us by culture, but must be considered within the physical and social contexts of listening.
=650  \0$aMusic philosophy and aesthetics$1http://www.wikidata.org/entity/Q2092865$921165
=942  \\$cBOO
=952  \\$00$10$2ddc$40$6AES_CLAR$70$8AES$919760$aORPH$bORPH$cKM12_1$d2021-12-22$l1$m3$oAES CLAR$p20139434$r2022-09-06 00:00:00$s2021-03-10$w2021-01-12$yBOO
=999  \\$d19687

