=LDR  01916aam a2200193   4500
=001  19689
=005  20250109133055.0
=008  120209s2002\\\\\\\\\\\\\\\\\\\\\\0\e
=020  \\$a9780465087860
=041  \\$aeng
=100  \\$4Auteur$aFauconnier, Gilles$920692
=100  \\$4Auteur$aTurner, Mark$916031
=245  \\$aThe way we think: Conceptual blending and the mind's hidden complexities
=260  \\$aNew York$bBasic Books$c2002
=300  \\$a440
=520  \\$aIn its first two decades, much of cognitive science focused on such mental functions as memory, learning, symbolic thought, and language acquisition --the functions in which the human mind most closely resembles a computer. But humans are more than computers, and the cutting-edge research in cognitive science is increasingly focused on the more mysterious, creative aspects of the mind. The Way We Think is a landmark synthesis that exemplifies this new direction. The theory of conceptual blending is already widely known in laboratories throughout the world; this book is its definitive statement. Gilles Fauconnier and Mark Turner argue that all learning and all thinking consist of blends of metaphors based on simple bodily experiences. These blends are then themselves blended together into an increasingly rich structure that makes up our mental functioning in modern society. A child's entire development consists of learning and navigating these blends. The Way We Think shows how this blending operates; how it is affected by (and gives rise to) language, identity, and concept of category; and the rules by which we use blends to understand ideas that are new to us. The result is a bold, exciting, and accessible new view of how the mind works.
Show More 
Show Less 

=942  \\$cBOO
=952  \\$00$10$2ddc$40$6PHI_FAUC_A$70$8PHI$919762$aORPH$bORPH$cKM12_3_2$d2021-08-09$oPHI FAUC a$p20133262$r2021-01-12 00:00:00$w2021-01-12$yBOO
=999  \\$c19689$d19689

