=LDR  01164aam a2200253   4500
=001  19691
=005  20250925143306.0
=008  170120s1995\\\\\\\\\\\\\\\\\\\\\\0\dut
=020  \\$a9024273730/CIP
=041  \\$adut
=100  \\$4aut$aBrandt, Maarten$920694
=245  \\$aWegen naar Boulez:$bde meester in dialoog met de traditie
=260  \\$aKampen$bKok Lyra$c1995
=300  \\$a224 pages
=520  \\$aDe componist, dirigent en essayist Pierre Boulez (geboren 1925) behoort tot de meest spraakmakende muzikale persoonlijkheden van deze tijd. In dit boek voert Maarten Brandt een aantal openhartige gesprekken met hem.
=600  \0$aBoulez, Pierre$d1925-2016$918237
=648  \0$a20th Century (1901-2000)$1http://www.wikidata.org/entity/Q6927$920936
=650  \0$aComposer$1http://www.wikidata.org/entity/Q36834$93625
=650  \0$aConductor$1http://www.wikidata.org/entity/Q158852$93134
=651  \0$aFrance$1http://www.wikidata.org/entity/Q142$9131
=700  \\$4win$aSpanjaard, Ed$920695
=942  \\$cBOO
=952  \\$00$10$2ddc$40$6BIO_BOUL_B$70$8BIO$919764$aORPH$bORPH$cKTS1_P$d2022-08-22$oBIO BOUL b$p20129655$r2021-01-12 00:00:00$w2021-01-12$yBOO
=999  \\$d19691

