=LDR  01684aam a2200229   4500
=001  19697
=008  120125s1998\\\\ne\af\\\\\\\\\\\\\0\dut\d
=020  \\$a9789068531374
=041  \\$adut
=245  \\$aWenen op vleugels. De pianoforte als kroniekschrijver van een kunstenstad - 1750-1880
=260  \\$aPeer$bAlamire muziekuitgeverij$c1998
=300  \\$a105 pages
=520  \\$aOp boeiende wijze vertelt Jos van Leeuwen over de rol van het klavier in al zijn vormen en varianten tegen de spciaal-economische en cultuurhistorische achtergrond van Wenen. Een bondige omschrijving van de belangrijkste klaviermethodes en het repertoire dat voor klavier beschikbaar was, geeft de lezer de kans kennis te maken met componisten en klaviervirtuozen die vandaag de dag wat in de vergetelheid zijn geraakt. Michael Latcham beschrijft het verscheiden aanbod aan besnaarde klavierinstrumenten in de 18e eeuw, en eindigt bij één type vleugelpiano op het einde van de vorige eeuw. Met zijn bijdrage tracht Jan Vermeulen, vanuit de 'klinkende' verschillen tussen de pianoforte en het moderne klavier, de discussie tussen voor- en tegenstanders van historische instrumenten nieuw leven in te blazen.
=650  \0$1http://www.wikidata.org/entity/Q5994$aPiano$92127
=650  \0$1http://www.wikidata.org/entity/Q846047$aMusic history$921373
=700  \\$4win$926514$aBaeten, Herman
=700  \\$4ctb$avan Leeuwen, Jos$920698
=700  \\$4ctb$919658$aLatcham, Michael
=700  \\$4ctb$920699$aVermeulen, Jan
=942  \\$cBOO
=952  \\$00$10$2ddc$40$6INS_3_000000000000000_3D_LEEU$70$8INS$919770$aORPH$bORPH$cKTS0$d2023-09-22$l0$oINS3.3d LEEU$p20130161$r2021-01-12 00:00:00$w2021-01-12$yBOO
=999  \\$d19697

