=LDR  00771aam a2200181   4500
=001  19701
=005  20250120120044.0
=008  140911s2014\\\\\\\\\\\\\\\\\\\\\\0\dut
=020  \\$a9789089532329
=041  \\$adut$heng
=100  \\$aSerres, Michel$d1930-2019$4aut$1http://www.wikidata.org/entity/Q364456$916516
=245  \\$aDe wereld onder de duim:$bLofzang op de internetgeneratie
=260  \\$aAmsterdam$bBoom$c2014
=520  \\$aCultuurfilosofisch essay over de opkomst van de informatietechnologie en de gevolgen daarvan.
=765  \\$aThumbelina: The Culture and Technology of Millennials
=942  \\$cBOO
=952  \\$00$10$2ddc$40$6PHI_SERR_A$70$8PHI$919774$aORPH$bORPH$cKM12_3_2$d2021-08-18$g12.00$oPHI SERR a$p20133944$r2021-01-12 00:00:00$w2021-01-12$yBOO
=999  \\$c19701$d19701

