=LDR  02627aam a2200277   4500
=001  19702
=005  20251001162234.0
=008  120222s2004\\\\\\\\\\\\\\\\\\\\\\0\dut
=020  \\$a9789065541239
=041  \\$adut$hfre
=100  \\$aBarthes, Roland$d1915-1980$4aut$1http://www.wikidata.org/entity/Q179109$919171
=245  \\$aHet werkelijkheidseffect
=260  \\$aGroningen$bHistorische Uitgeverij$c2004
=300  \\$a214 pages
=490  \\$aBeschouwelijk werk$v4
=520  \\$aRoland Barthes is de ware essayist. Met zijn essays - in de vijf delen van zijn Verzameld werk vindt men er talloze - tracht hij steeds in kort bestek de betekenis te duiden van culturele verschijnselen die hem omringen, theater, film, fotografie, literatuur, mode, muziek. In Het werkelijkheidseffect is een elftal van zijn belangrijkste essays bijeengebracht waarmee Barthes de eeuwigheid heeft verdiend, zoals 'De Eiffeltoren', 'De dood van de auteur', 'Het werkelijkheidseffect', 'Over Hollandse schilderkunst'. Barthes is een retoricus pur sang. Hij ontvlecht de betekenis van gebaren, beelden, woorden, ideeën, en hernieuwt ze. Met plezier. Hij is gefascineerd door de literaire mogelijkheden van het dagelijkse bestaan, en door de realiteit van de literatuur, van de stem van het schrift. De essays zijn superieur, een lust om te lezen, ze nemen afstand van het dogmatische, het banale, het spontane, en de terreur van het eeuwige gelijk. Barthes is bovenal een uitzonderlijk en aanstekelijk stilist, een zorgvuldig en helder redenerende schrijver die de lezer bijna onnadrukkelijk overtuigt de dingen anders te zien dan hij gewoon is.

De vloeiende vertaling van Rokus Hofstede is een lust om te lezen. De inleiding van Jürgen Pieters is een gave karakteristiek van de essentie van het belang van de schrijver Roland Barthes voor deze tijd.

Het werkelijkheidseffect is het vierde deel in de serie Beschouwelijk werk.

=648  \0$a20th Century (1901-2000)$1http://www.wikidata.org/entity/Q6927$920936
=650  \0$aPhilosophy$1http://www.wikidata.org/entity/Q5891$92357
=650  \0$aLiterature$1http://www.wikidata.org/entity/Q8242$94439
=650  \0$aAesthetics$1http://www.wikidata.org/entity/Q35986$921494
=651  \0$aFrance$1http://www.wikidata.org/entity/Q142$9131
=700  \\$aHofstede, Rokus$1http://www.wikidata.org/entity/Q2520730$4edt$4trl$917213
=700  \\$aPieters, Jürgen$1http://www.wikidata.org/entity/Q55232300$4egr$4win$918635
=942  \\$cBOO
=952  \\$00$10$2ddc$40$6PHI_BART_A$70$8PHI$919775$aORPH$bORPH$cKM12_3_2$d2021-08-11$g25.00$oPHI BART a$p20133556$r2021-01-12 00:00:00$w2021-01-12$yBOO
=999  \\$d19702

