=LDR  01588aam a2200217   4500
=001  19704
=005  20250424081556.0
=008  120308s2004\\\\\\\\\\\\\\\\\\\\\\0\dut\d
=020  \\$a9789028935587
=041  \\$adut
=100  \\$aDe Visscher, Jacques$4aut$918632
=245  \\$aWerkwoorden van de ethiek
=260  \\$aKapellen$bKlement$bPelckmans$c2004
=300  \\$a108 pages
=520  \\$aDe werkelijkheid van het goede leven speelt zich af in de alledaagsheid van onze levensloop en zit niet vast aan concepten en moralistische stellingen. In dat bestaan van alledag voelen we ons aangespoord bepaalde dingen te doen en andere te laten, nemen we beslissingen of zijn weifelachtig, aanvaarden we onze verantwoordelijkheid of ontlopen die, stellen we ons open voor de ander of nemen voortdurend afstand, streven we naar erkenning en roem of stellen ons tevreden met de 'kleine dingen'.
Ethiek laat zich niet tot moraliseren herleiden, maar vertelt hoe wij, ook in de kleine dingen of in de eenvoudige omgangsvormen, het 'goede leven' mede vorm kunnen geven door erover na te denken, door de verschillende aspecten ervan te overwegen in een bestaand perspectief waaraan we duurzaamheid trachten te geven.

=648  \0$a21st Century (2001-2100)$1http://www.wikidata.org/entity/Q6939$920812
=650  \0$aEthics$1http://www.wikidata.org/entity/Q9465$924679
=651  \0$aBelgium$1http://www.wikidata.org/entity/Q31$920881
=942  \\$cBOO
=952  \\$00$10$2ddc$40$6PHI_DEVI_A$70$8PHI$919777$aORPH$bORPH$cKM12_3_2$d2021-08-03$oPHI DEVI a$p20132944$r2021-01-12 00:00:00$w2021-01-12$yBOO
=999  \\$d19704

