=LDR  02081aam a2200193   4500
=001  19709
=005  20230123111224.0
=008  120321s2007\\\\\\\\\\\\\\\\\\\\\\0\dut
=020  \\$a9789033465987
=041  \\$adut
=245  \\$aWetenschap communiceren: Tips voor het schrijven en het presenteren van wetenschappelijk onderzoek
=260  \\$aLeuven$bAcco$c2007
=300  \\$a169 pages
=520  \\$a?Waar ben je zoal mee bezig?? Een vraag die een onderzoeker, of hij nu student, doctorandus of wetenschappelijk medewerker is, geregeld krijgt. Zodra die vraag door een zogenaamde leek gesteld wordt, rijzen er problemen. En er zijn nogal wat leken: eigenlijk is dat iedereen die niet meteen tot je eigen vakgebied behoort. Hoe leg je kort en duidelijk uit wat je studie of onderzoek inhoudt? Hoe voorkom je dat je lezer of toehoorder al vanaf de eerste zin het noorden kwijt is? En dan is er de scriptie. In het vernieuwde bachelor- en mastersysteem moeten studenten meer en meer bewijzen dat ze zelfstandig kunnen werken en efficiënt over hun werk kunnen rapporteren. De bachelorproef is vaak de eerste confrontatie met het schrijven van een technisch-wetenschappelijke tekst. De klassieke eindverhandeling wordt in meerdere richtingen vervangen door essays waarin de student niet alleen de resultaten van maar ook zijn visie op zijn studie geeft. Helder kunnen communiceren over je eigen eerste onderzoek wordt belangrijk.Dit boek geeft richtlijnen voor het schrijven van een degelijke vaktekst op bachelor- en masterniveau die voor iedereen begrijpelijk is. Die vaktekst dient dan als basis voor verdere communicatie: je onderzoek online brengen, in een posterpresentatie gieten, presenteren voor een publiek en meedelen aan de pers. Met de tips die de auteurs daarvoor geven, kan iedere onderzoeker zijn voordeel doen. 


=700  \\$4aut$aCrauwels, Marion$920701
=700  \\$4aut$aWest, Luc$920702
=942  \\$cBOO
=952  \\$00$10$2ddc$40$6REF_2_000000000000000_CRAU$70$8REF$919782$aORPH$bORPH$cKM12_1$d2021-08-23$oREF2 CRAU$p20131230$r2021-01-12 00:00:00$w2021-01-12$yBOO
=999  \\$d19709

