=LDR  00509aam a2200157   4500
=001  19710
=005  20230123111225.0
=008  131113s1962\\\\\\\\\\\\\\\\\\\\\\0\\\\
=100  \\$4aut$aSteppe, Raoul$920703
=100  \\$4aut$aJunius O.F.M., P.Fr.$920704
=245  \\$aWetenschappelijke harmonie.
=260  \\$aSint-Niklaas$bMuziekdruk M. Van Haver$c1962
=300  \\$a288 p.
=942  \\$cBOO
=952  \\$00$10$40$70$8COLL_UNK$919783$aORPH$bORPH$cLOC_UNK$d2021-01-12$l0$r2021-01-12 00:00:00$w2021-01-12$yBOO
=999  \\$c19710$d19710

