=LDR  02254aam a2200217   4500
=001  19712
=005  20250710161438.0
=008  120308s2001\\\\\\\\\\\\\\\\\\\\\\0\n
=020  \\$a9053564659
=041  \\$adut
=245  \\$aWetenschapsfilosofie voor geesteswetenschappen
=260  \\$aAmsterdam$bAmsterdam University Press$c2001
=300  \\$a263
=520  \\$aLetterkunde, taalkunde, geschiedenis, theologie en filosofie behoren alle tot de geesteswetenschappen. Sommige richten zich op het vinden van waarheid en het geven van theorieën of verklaringen, in andere lijkt het eerder om nieuwe interpretaties of beschrijvingen te gaan. Waar moet dan de eenheid van de geesteswetenschappen worden gelokaliseerd, en waar de verscheidenheid? En kan hier wel op dezelfde manier van vooruitgang en kennisgroei gesproken worden als in andere wetenschappen?

De indeling van de wetenschappen in natuurwetenschappen, geesteswetenschappen en sociale wetenschappen lijkt vanzelfsprekend, maar is van tamelijk recente datum en allerminst boven discussie verheven. Dit boek beschrijft hoe deze verschillende visies op de wetenschappen zijn ontstaan, en welke kennisidealen en stijlen van argumenteren ze veronderstellen. Daarnaast behandelt het specifiek de aard, structuur en ontwikkeling van de geesteswetenschappen. Het gaat uitgebreid in op de geschiedenis van deze vakgebieden en op de uiteenlopende denkbeelden over hun culturele plaats en taak. Een breed scala van twintigste-eeuwse filosofische en methodologische stromingen komt daarbij aan bod.

Zodoende biedt dit boek niet alleen studenten in de geesteswetenschappen inzicht in de achtergronden van hun vak, maar ook studenten in de maatschappij- en natuurwetenschappen een bredere visie op de historische en filosofische aspecten van de verschillende wetenschappen.

=650  \0$aPhilosophy$1http://www.wikidata.org/entity/Q5891$92357
=650  \0$aHumanities$1http://www.wikidata.org/entity/Q80083$94454
=700  \\$aLeezenberg, Michiel$1http://www.wikidata.org/entity/Q2677569$4aut$920705
=700  \\$aVries, Gerard de$4aut$920706
=942  \\$cBOO
=952  \\$00$10$2ddc$40$6PHI_LEEZ_A$70$8PHI$919785$aORPH$bORPH$cKM12_3_2$d2021-08-11$oPHI LEEZ a$p20133804$r2021-01-12 00:00:00$w2021-01-12$yBOO
=999  \\$d19712

