=LDR  02565aam a2200229   4500
=001  19715
=005  20250120120026.0
=008  131128s2009\\\\\\\\\\\\\\\\\\\\\\0\eng
=020  \\$a9780804762304
=041  \\$aeng
=100  \\$aAgamben, Giorgio$4aut$920708
=245  \\$aWhat is an Apparatus?$bAnd Other Essays
=260  \\$aStanford, CA$bStanford University Press$c2009
=300  \\$a56 pages
=520  \\$aThe three essays collected in this book offer a succinct introduction to Agamben's recent work through an investigation of Foucault's notion of the apparatus, a meditation on the intimate link of philosophy to friendship, and a reflection on contemporariness, or the singular relation one may have to one's own time. 'Apparatus' (dispositif in French) is at once a most ubiquitous and nebulous concept in Foucault's later thought. In a text bearing the same name ('What is a dispositif?') Deleuze managed to contribute its mystification, but Agamben's leading essay illuminates the notion: 'I will call an apparatus,' he writes, 'literally anything that has in some way the capacity to capture, orient, determine, intercept, model, control, or secure the gestures, behaviours, opinions, or discourses of living beings.' Seen from this perspective, Agamben's work, like Foucault's, may be described as the identification and investigation of apparatuses, together with incessant attempts to find new ways to dismantle them. Though philosophy contains the notion of philos, or friend, in its very name, philosophers tend to be very sceptical about friendship. In his second essay, Agamben tries to dispel this scepticism by showing that at the heart of friendship and philosophy, but also at the core of politics, lies the same experience: the shared sensation of being. Guided by the question, 'What does it mean to be contemporary?' Agamben begins the third essay with a reading of Nietzsche's philosophy and Mandelstam's poetry, proceeding from these to an exploration of such diverse fields as fashion, neurophysiology, messianism and astrophysics.
=600  \0$aFoucault, Michel$d1926-1984$1http://www.wikidata.org/entity/Q44272$915787
=600  \0$aDeleuze, Gilles$d1925-1995$1http://www.wikidata.org/entity/Q184226$915927
=648  \0$a21st Century (2001-2100)$1http://www.wikidata.org/entity/Q6939$920812
=650  \0$aPhilosophy$1http://www.wikidata.org/entity/Q5891$92357
=942  \\$cBOO
=952  \\$00$10$2ddc$40$6PHI_AGAM_A$70$8PHI$919788$aORPH$bORPH$cKM12_3_2$d2021-08-05$g15.00$oPHI AGAM a$p20130530$r2021-01-12 00:00:00$w2021-01-12$yBOO
=999  \\$d19715

