=LDR  01162aam a2200181   4500
=001  19716
=005  20250109133055.0
=008  150707s2012\\\\\\\\\\\\\\\\\\\\\\0\eng
=020  \\$a9780745650258
=041  \\$aeng
=100  \\$aParikka, Jussi$4aut$920709
=245  \\$aWhat is Media Archaeology?
=260  \\$aCambridge$bPolity$c2012
=300  \\$a205 pages
=520  \\$aThis cutting-edge text offers an introduction to the emerging field of media archaeology and analyses the innovative theoretical and artistic methodology used to excavate current media through its past. Written with a steampunk attitude, What is Media Archaeology? examines the theoretical challenges of studying digital culture and memory and opens up the sedimented layers of contemporary media culture. The author contextualizes media archaeology in relation to other key media studies debates including software studies, German media theory, imaginary media research, new materialism and digital humanities.
=942  \\$cBOO
=952  \\$00$10$2ddc$40$6HUM_PARI$70$8HUM$919789$aORPH$bORPH$cKM12_1$d2021-12-09$g74.00$l1$oHUM PARI$p20135984$r2021-12-20 00:00:00$s2021-12-09$w2021-01-12$yBOO
=999  \\$d19716

