=LDR  01671aam a2200181   4500
=001  19720
=005  20230123111226.0
=008  181029s2014\\\\\\\\\\\\\\\\\\\\\\0\eng
=041  \\$aeng
=100  \\$aVanden Abeele, Hendrik Elie$4aut$920711
=245  \\$aWhat late medieval chant manuscripts do to a present-day performer of plainchant
=260  \\$aLeiden$bUniversiteit Leiden$c2014
=300  \\$a492 pages
=500  \\$aProefschrift ter verkrijging van de graad van Doctor aan de Universiteit Leiden op gezag van de Rector Magnificus prof. mr. C.J.J.M. Stolker, volgens besluit van het College voor promoties te verdedigen op 15 december 2014.


=520  \\$aThis book is witness to Hendrik Vanden Abeeles research into the development, construction and creation of a present-day performance practice of late medieval plainchant, based partly on his work with the Belgian chant group Psallentes. The study focuses on sometimes very specific aspects of the performance of plainchant, relating to a rich and diverse body of chant manuscripts. Meanwhile, the constantly recurring personal storytelling draws a picture of research-acts as ingrained characteristics of the every day activities of a musician. The many challenges and obstacles faced when performing plainchant may turn into opportunities, where the performer fills in the blanks with ideas, colours and textures. He may even be tempted to draw outside the lines, countering any practical or historical constraints in a creative way.
=942  \\$cDIS
=952  \\$00$10$2ddc$40$6MTP_5_000000000000000_VAND$70$8MTP$919793$aORPH$bORPH$cKM12_1$d2021-08-31$oMTP5 VAND$p20131403$r2021-01-12 00:00:00$w2021-01-12$yDIS
=999  \\$d19720

