=LDR  02331aam a2200193   4500
=001  19722
=005  20250109133037.0
=008  130419s2008\\\\\\\\\\\\\\\\\\\\\\0\e
=020  \\$a9780823229536
=041  \\$aeng
=100  \\$aMalabou, Catherine$4aut$919395
=245  \\$aWhat should we do with our brains?
=260  \\$aNew York$bFordham University Press$c2008
=300  \\$a94
=520  \\$aRecent neuroscience, in replacing the old model of the brain as a single centralized source of control, has emphasized plasticity,the quality by which our brains develop and change throughout the course of our lives. Our brains exist as historical products, developing in interaction with themselves and with their surroundings.Hence there is a thin line between the organization of the nervous system and the political and social organization that both conditions and is conditioned by human experience. Looking carefully at contemporary neuroscience, it is hard not to notice that the new way of talking about the brain mirrors the management discourse of the neo-liberal capitalist world in which we now live, with its talk of decentralization, networks, and flexibility. Consciously or unconsciously, science cannot but echo the world in which it takes place.In the neo-liberal world, plasticitycan be equated with flexibility-a term that has become a buzzword in economics and management theory. The plastic brain would thus represent just another style of power, which, although less centralized, is still a means of control. In this book, Catherine Malabou develops a second, more radical meaning for plasticity. Not only does plasticity allow our brains to adapt to existing circumstances, it opens a margin of freedom to intervene, to change those very circumstances. Such an understanding opens up a newly transformative aspect of the neurosciences.In insisting on this proximity between the neurosciences and the social sciences, Malabou applies to the brain Marx's well-known phrase about history: people make their own brains, but they do not know it. This book is a summons to such knowledge.

=490  \\$aPerspectives in continental philosophy
=942  \\$cBOO
=952  \\$00$10$2ddc$40$6PHI_MALA_A$70$8PHI$919795$aORPH$bORPH$cKM12_3_2$d2021-08-02$g13.00$oPHI MALA a$p20132827$r2021-01-12 00:00:00$w2021-01-12$yBOO
=999  \\$c19722$d19722

