=LDR  02039aam a2200265   4500
=001  19723
=005  20250121142132.0
=008  161121s2001\\\\\\\\\\\\\\\\\\\\\\0\eng
=020  \\$a9781590173756
=041  \\$aeng$hfre
=100  \\$aFumaroli, Marc$4aut$919826
=245  \\$aWhen the World Spoke French
=260  \\$aNew York$bNew York Review Books$c2001
=300  \\$a519 pages
=520  \\$aDuring the eighteenth century, from the death of Louis XIV until the Revolution, French culture set the standard for all of Europe. In Sweden, Austria, Italy, Spain, England, Russia, and Germany, among kings and queens, diplomats, military leaders, writers, aristocrats, and artists, French was the universal language of politics and intellectual life. In When the World Spoke French, Marc Fumaroli presents a gallery of portraits of Europeans and Americans who conversed and corresponded in French, along with excerpts from their letters or other writings. 

These men and women, despite their differences, were all irresistibly attracted to the ideal of human happiness inspired by the Enlightenment, whose capital was Paris and whose king was Voltaire. Whether they were in Paris or far away, speaking French connected them in spirit with all those who desired to emulate Parisian tastes, style of life, and social pleasures. Their stories are testaments to the appeal of that famous "sweetness of life" nourished by France and its language.
=534  \\$cÉditions de Fallois, 2001
=648  \0$a18th Century (1701-1800)$1http://www.wikidata.org/entity/Q7015$920899
=650  \0$aFrench$1http://www.wikidata.org/entity/Q150$923117
=650  \0$aCuckoo$1http://www.wikidata.org/entity/Q18845$922474
=651  \0$aEurope$1http://www.wikidata.org/entity/Q46$991
=700  \\$4trl$aHoward, Richard$919961
=765  \\$aQuand l'Europe parlait français
=942  \\$cBOO
=952  \\$00$10$2ddc$40$6HUM_FUMA$70$8HUM$919796$aORPH$bORPH$cKM12_1$d2016-11-06$g12.33$l1$m1$oHUM FUMA$p20138965$r2021-11-29 00:00:00$s2021-03-10$w2021-01-12$yBOO
=999  \\$d19723

