=LDR  01421aam a2200193   4500
=001  19727
=005  20250109133055.0
=008  180828s2011\\\\\\\\\\\\\\\\\\\\\\0\e
=020  \\$a9781943813438
=041  \\$aeng
=100  \\$4Author$aMiranda, Luis de$920720
=100  \\$4Translator$aKover, Tina$920721
=245  \\$aWho killed the poet?
=260  \\$aUK$bSnuggly books$c2011
=300  \\$a128
=520  \\$aWhen Bardo, an architect and poet, dies, his twin brothers first thought is to suspect the intriguing red-haired Ophelia, Bardos love, who has vanished. A chase across northern Europe commences, which is an elevating initiation to a dimension and understanding the brother narrator ignored. Through the voyage, the past reveals its real visage, while a mysterious child guides the characters to an unexpected climax.

Under the guise of a flawless whodunit thriller, Who Killed the Poet? puts forward an original take on crucial themes, such as generational transmission, the politics of self-determination, and what it is to see life as it truly is, without undermining its complexity, diversity and poetry. A fictional manifesto for the 21st century, and a breathtaking translation of the seventh novel of an author at the peak of his art.
=942  \\$cBOO
=952  \\$00$10$2ddc$40$6LIT_MIRA_A$70$8LIT$919800$aORPH$bORPH$cKM12_2_H$d2021-08-19$oLIT MIRA a$p20134022$r2021-01-12 00:00:00$w2021-01-12$yBOO
=999  \\$c19727$d19727

