=LDR  01285aam a2200217   4500
=001  19732
=005  20251001162314.0
=008  120524s2003\\\\\\\\\\\\\\\\\\\\\\0\mul\d
=020  \\$a9783897272071
=041  \\$ager$afre
=100  \\$4edt$aFrobenius, Wolf$d1940-2011$1http://www.wikidata.org/entity/Q25273277$918191
=245  \\$a"Wie die Zeit vergeht":$bBeiträge über "Zeit in der neueren Musik" und "Deutsch-französische Musikbeziehungen seit 1950"
=260  \\$aSaarbrücken$bPFAU$c2003
=300  \\$a100 pages
=520  \\$aPapers presented at a symposium "Zeit in der neueren Musik und angrenzenden Künste" sponsored by the Musikwissenschaftliches Institut des Saarlandes and held at the 1999 Jahrestagung of Netzwerk Musik Saar, and papers presented at the 1999 Jahrestagung of the Gesellschaft für Musikforschung held in Saarbrücken.
=650  \0$aMusic philosophy and aesthetics$1http://www.wikidata.org/entity/Q2092865$921165
=650  \0$aArtistic research$1http://www.wikidata.org/entity/Q20827087$921804
=650  \0$aTobacco$1http://www.wikidata.org/entity/Q1566$921475
=942  \\$cBOO
=952  \\$00$10$2ddc$40$6MTP_2_000000000000000_FROB$70$8MTP$919805$aORPH$bORPH$cKM12_1$d2022-06-08$l1$oMTP2 FROB$p20139094$r2022-06-08 00:00:00$s2021-03-12$w2021-01-12$yBOO
=999  \\$d19732

