=LDR  00740aam a2200181   4500
=001  19734
=008  130919s1922\\\\gw\ag\\\\\\\\\\\\\0\ger\d
=041  \\$ager
=100  \\$aProtiwinsky, Hans$4aut$920723
=245  \\$aWie lerne ich klavier?$bDie Grundbegriffe musikalischer Bildung
=260  \\$aBerlin$bSchlesinger$c1922
=300  \\$a51 pages
=650  \0$aMethod$1http://www.wikidata.org/entity/Q2250960$921402
=650  \0$aPiano$1http://www.wikidata.org/entity/Q5994$92127
=650  \0$aKeyboard instrument$1http://www.wikidata.org/entity/Q52954$92849
=942  \\$cBOO
=952  \\$00$10$2ddc$40$6INS_3_000000000000000_3C_PROT$70$8INS$919807$aORPH$bORPH$cKTS0$d2023-09-22$l0$oINS3.3c PROT$p20134471$r2021-01-12 00:00:00$w2021-01-12$yBOO
=999  \\$d19734

