=LDR  02803aam a2200313   4500
=001  19755
=005  20250121142132.0
=008  130419s2010\\\\\\\\\\\\\\\\\\\\\\0\ger
=020  \\$a9783835305632
=041  \\$ager
=245  \\$aWir sind Experimente: wollen wir es auch sein!$bExperiment und Literatur$nII$p1790-1890
=260  \\$aGöttingen$bWallstein$c2010
=300  \\$a442 pages
=505  \\$gDie »gebildete Wildniß« des romantischen Romans / Mario Grizelj -- Experimentelle Ästhetik bei Kleist? / Viola van Beek -- Dichtung als »Experimentalphysik des Gemüths« / Britta Herrmann -- Woyzeck als Experiment / Roland Borgards -- Der Wolf in der Fabel / Jutta Müller-Tamm -- Bewegungszwingung und Erzähltechnik im 19. Jh. / Helmut Müller-Sievers -- Das Wissen der Literatur aus dem Nicht-Wissen der Wissenschaften / Michael Gamper -- Das Experiment als Gattungsstruktur in Strindbergs Vivisektionen / Nicolas Pethes
=520  \\$aIn der Zeit von 1790 bis 1890 entstanden eigenständige Ausprägungen des Experimentellen in Wissenschaft und Kunst. Das dynamische Verhältnis zwischen Literatur und Wissenschaft war durch Entgegensetzung und Konkurrenz geprägt. Gleichzeitig wurden aber die traditionellen Verbindungen der Bereiche weitergeführt und experimentelle Verfahren von namhaften Autoren produktiv in ihre Werke übertragen. Neben der Etablierung des Experiments als Königsweg der naturwissenschaftlichen Erkenntnisgewinnung bildete sich so eine Vielzahl von Experimentalkulturen heraus, die alle Anteil an epistemologischen und poetologischen Fragestellungen hatten.
19 Fallstudien zeigen, wie sich die Experimentierzone um 1800 ausweitete und der Versuch sich bis zum Ende des 19. Jahrhunderts radikalisierte, wenn der Mensch und die Gesellschaft zum Experiment erklärt wurden.
=600  \0$aKleist, Heinrich von$d1777-1811$1http://www.wikidata.org/entity/Q28494$925131
=600  \0$aBüchner, Georg$d1813-1837$1http://www.wikidata.org/entity/Q154014$925102
=600  \0$aStrindberg, August$d1849-1912$1http://www.wikidata.org/entity/Q7724$939340
=648  \0$a18th Century (1701-1800)$1http://www.wikidata.org/entity/Q7015$920899
=648  \0$a19th Century (1801-1900)$1http://www.wikidata.org/entity/Q6955$920935
=650  \0$aLiterature$1http://www.wikidata.org/entity/Q8242$94439
=650  \0$aRomanticism$1http://www.wikidata.org/entity/Q37068$921719
=651  \0$aGermany$1http://www.wikidata.org/entity/Q183$9155
=700  \\$aGamper, Michael$4edt$917157
=700  \\$aWernli, Martina$1http://www.wikidata.org/entity/Q112479060$4edt$917159
=700  \\$aZimmer, Jörgen$4edt$917160
=942  \\$cBOO
=952  \\$00$10$2ddc$40$6LIT_GAMP_A$70$8LIT$919828$aORPH$bORPH$cKM12_2_H$d2021-08-30$g25.47$oLIT GAMP a$p20131318$r2021-01-12 00:00:00$w2021-01-12$yBOO
=999  \\$d19755

