=LDR  01465aam a2200205   4500
=001  19758
=005  20250109133055.0
=008  180214s2014\\\\\\\\\\\\\\\\\\\\\\0\d
=020  \\$a9783837626872
=041  \\$ager
=100  \\$4Herausgeber$aBöhler, Arno$918324
=100  \\$4Herausgeber$aKruschkova, Krassimira$920739
=100  \\$4Herausgeber$aValerie, Susanne$920740
=245  \\$aWissen wir, was ein Körper vermag? Rhizomatische Körper in Religion, Kunst, Philosophie
=260  \\$aBielefeld$bTranscript verlag$c2014
=300  \\$a252
=520  \\$aDie Frage »Wissen wir, was ein Körper vermag?« ist für Spinozas Ethik zentral, weil sie die leibliche Fundierung geistiger Tätigkeiten in den Blick kommen lässt. Immer wieder fragt er seine philosophischen Gegner, wie sich die »schlafwandlerische Kreativität« der Natur verstehen lässt, kraft der sie komplexe Gebilde hervorbringt, ohne sich diese im Vorhinein mental vorgestellt zu haben.
Der Band geht dieser Frage in drei Hinsichten nach: Wie kommt die nachtwandlerische Kraft der Natur in religiösen Diskursen zur Sprache? Wie zeigt sie sich in Performance-Praxis und -Theorie? Welches Bild von Denken wird durch ein solches Denken der Körper generiert?
Mit Beiträgen von Brian Massumi, Erin Manning, Marcus Steinweg u.a.
=942  \\$cBOO
=952  \\$00$10$2ddc$40$6PHI_BOHL_A$70$8PHI$919831$aORPH$bORPH$cKM12_3_2$d2021-08-11$oPHI BOHL a$p20133603$r2021-01-12 00:00:00$w2021-01-12$yBOO
=999  \\$c19758$d19758

