=LDR  01791aam a2200217   4500
=001  19759
=005  20250120115946.0
=008  150707s2003\\\\\\\go\\\\\\\\\\\\\0\eng\d
=020  \\$a9780199214761
=041  \\$aeng
=100  \\$aTreitler, Leo$d1931-$4aut$1http://www.wikidata.org/entity/Q6524285$914289
=245  \\$aWith Voice and Pen:$bComing to Know Medieval Song and How it was Made
=250  \\$a2nd ed.
=260  \\$aOxford$bOxford University$c2003
=300  \\$a506 pages
=520  \\$aLeo Treitler's seventeen classic essays trace the creation and spread of song (cantus), sacred and secular, through oral tradition and writing, in the European Middle Ages. The author examines songs in particular - their design, their qualities and character, their expressive meanings, and their adaptation to their communal and ritual roles - and explores the chances for, and the obstacles to, our understanding of traditions that were alive a thousand years ago. Ranging from c. 900 (when the written transmission of medieval songs began) to 1200, Treitler shows how the earlier, purely oral traditions can be examined only through the lens of what has been captured in writing, and focuses on the invention and uses of writing systems for representing these oral traditions. Each of these seminally influential essays has been revised to take account of recent developments, and is prefaced with a new introduction to highlight the historical issues.
=650  \0$aMusic history$1http://www.wikidata.org/entity/Q846047$921373
=650  \0$aPlainchant$1http://www.wikidata.org/entity/Q2707688$921363
=942  \\$cBOO
=952  \\$00$10$2ddc$40$6GEN_2_000000000000000$70$8GEN$919832$aORPH$bORPH$cKM12_1$d2015-07-06$l1$oGEN2$p20139113$r2022-06-08 00:00:00$s2021-03-12$v87.57$w2015-07-06$yBOO
=999  \\$d19759

