=LDR  01205aam a2200181   4500
=001  19767
=005  20230123111230.0
=008  150206s2005\\\\\\\\\\\\\\\\\\\\\\0\e
=020  \\$a9781405121927
=041  \\$aeng
=100  \\$aCohen, Martin$4aut$920744
=245  \\$aWittgenstein's beetle: And other classic thought experiments
=260  \\$aMalden$bBlackwell$c2005
=300  \\$a135
=520  \\$a"Wittgenstein's Beetle and Other Classic Thought Experiments" invites readers to participate actively in discovering the surprisingly powerful and fruitful tradition of 'thought experiments'. This work: gives a lively presentation of an 'A to Z' of 26 fascinating and influential thought experiments from philosophy and science; presents vivid and often humorous discussion of the experiments, including strengths and weaknesses, historical context, and contemporary uses; provides a 'how to' section for engaging in thought experiments; and, includes illustrations, mini-biographies, and suggestions for further reading.
=942  \\$cBOO
=952  \\$00$10$2ddc$40$6PHI_WITT_B_COHE$70$8PHI$919840$aORPH$bORPH$cKM12_3_2$d2021-08-10$g22.00$oPHI WITT b COHE$p20133543$r2021-01-12 00:00:00$w2021-01-12$yBOO
=999  \\$c19767$d19767

