=LDR  01496aam a2200181   4500
=001  19770
=005  20230123104823.0
=008  161024s2015\\\\\\\\\\\\\\\\\\\\\\0\n
=020  \\$a9789463100021
=041  \\$adut
=100  \\$aKnockaert, Yves$4aut$919163
=245  \\$aWolfgang Amadé: Een biografie
=260  \\$aAntwerpen$bUitgeverij Polis$c2015
=300  \\$a319
=520  \\$aWolfgang Amadé, zo tekende Mozart zijn brieven. Op basis van zijn correspondentie schetst Yves Knockaert het verrassende portret van Mozart, ontdaan van de mythe. Mozart was een geniaal componist, maar tegelijk een gewone mens met leuke en minder aangename karaktertrekken. Uit zijn leven en zijn brieven komt ook een man naar voren die een kind van zijn tijd was. Iemand die vrij wilde zijn ten koste van alles. Zijn persoonlijke visie op wat muziek moet zijn heeft Mozart uitgebreid beschreven in zijn brieven. Yves Knockaert geeft een totaalbeeld van Mozart en slaagt er wonderwel in om de origina- liteit en de blijvende schoonheid van zijn muziek te beschrijven.

Wolfgang Amadé gaat niet over de bovenaardse Amadeus, maar over de mens die Mozart geweest is. Net zoals zijn muziek op een authentieke manier wordt uitgevoerd, beschrijft Yves Knockaert in Wolfgang Amadé het leven van Mozart op een authentieke en op feiten gebaseerde wijze.
=942  \\$cBOO
=952  \\$00$10$2ddc$40$6BIO_MOZA1_D$70$8BIO$919843$aORPH$bORPH$cKTS1_P$d2021-10-19$oBIO MOZA1 d$p20129833$r2021-01-12 00:00:00$w2021-01-12$yBOO
=999  \\$c19770$d19770

