=LDR  01239aam a2200181   4500
=001  19771
=005  20251009081722.0
=008  120216s1996\\\\\\\\\\\\\\\\\\\\\\0\e
=020  \\$a9780198164432
=041  \\$aeng
=100  \\$4edt$aSadie, Stanley$d1930-2015$1http://www.wikidata.org/entity/Q1335317$919216
=245  \\$aWolfgang Amadè Mozart: Essays on his life and his music
=260  \\$aUSA$bOxford university press$c1996
=300  \\$a512
=520  \\$aThis volume is a collection based on the Royal Musical Association's Mozart Conference of 1991, the principal scholarly event in the English-speaking world in commemoration of the bicentenary. It includes essays placing Mozart in the context, in Salzburg and Vienna, in which he worked, explaining aspects of his life and work hitherto obscure; essays interpreting his instrumental music; and a substantial series of studies on different aspects of his operas, from Lucio Silla to La clemenza di Tito, with particular stress on the creative processes in the Da Ponte operas.
Show More 
Show Less 

=942  \\$cBOO
=952  \\$00$10$2ddc$40$6BIO_MOZA1_E$70$8BIO$919844$aORPH$bORPH$cKTS1_P$d2021-10-19$l1$oBIO MOZA1 e$p20129770$r2024-12-16 14:08:20$s2024-11-27$w2021-01-12$yBOO
=999  \\$c19771$d19771

