=LDR  01147aam a2200181   4500
=001  19772
=005  20250120115937.0
=008  120217s1990\\\\\\\\\\\\\\\\\\\\\\0\n
=020  \\$a9043903124
=041  \\$adut
=100  \\$aLandon, H. C. Robbins$d1926-2009$4aut$1http://www.wikidata.org/entity/Q526080$913570
=245  \\$aWolfgang Amadeus Mozart: Volledig overzicht van zijn leven en muziek
=260  \\$aBaar$bTirion$c1990
=300  \\$a449
=520  \\$a2006 is Mozart-jaar, dan is het 250 jaar geleden dat Mozart werd geboren. De bekende Mozart-kenner H.C. Robbins Landon verzamelde voor deze uitgave bijdragen over de historische achtergronden van Mozarts werken, zijn boeiende persoonlijkheid, zijn concurrenten en het muzikale leven in Europa. De kern van het boek is echter een uitputtend overzicht van Mozarts compositorisch oeuvre. Alle werken worden in de rangschikking van Koechel van uitgebreide informatie voorzien. Dit boek werpt een nieuw licht op Mozarts werk.

=942  \\$cBOO
=952  \\$00$10$2ddc$40$6BIO_MOZA1_D$70$8BIO$919845$aORPH$bORPH$cKTS1_P$d2021-10-19$oBIO MOZA1 d$p20129749$r2021-01-12 00:00:00$w2021-01-12$yBOO
=999  \\$c19772$d19772

