=LDR  01029aam a2200193   4500
=001  19775
=005  20230123104823.0
=008  161024s2016\\\\\\\\\\\\\\\\\\\\\\0\eng
=041  \\$aeng
=100  \\$aKnockaert, Yves$4aut$919163
=245  \\$aWolfgang Rihm's instrumental music of the 1980s: An analytical approach
=260  \\$aLeuven$bKULeuven$c2016
=300  \\$a461 pages
=500  \\$aDissertation presented in partial fulfillment of the requirements for the Degree of Doctor in Musicology, Leuven, 2016
=942  \\$cDIS
=952  \\$00$10$2ddc$3CD : 1$40$6MTP_5_000000000000000_KNOC$70$8MTP$919848$aORPH$bORPH$cKM12_1$d2021-08-31$oMTP5 KNOC$p20131370$r2021-01-12 00:00:00$w2021-01-12$yDIS
=952  \\$00$10$2ddc$3CD: 1$40$6MTP_5_000000000000000_KNOC$70$8MTP$919849$aORPH$bORPH$cKM12_1$d2021-08-31$oMTP5 KNOC$p20131358$r2021-01-12 00:00:00$w2021-01-12$yDIS
=952  \\$00$10$2ddc$3CD: 1$40$6MTP_5_000000000000000_KNOC$70$8MTP$919850$aORPH$bORPH$cKM12_1$d2021-08-31$oMTP5 KNOC$p20131369$r2021-01-12 00:00:00$w2021-01-12$yDIS
=999  \\$d19775

