=LDR  02541aam a2200205   4500
=001  19777
=005  20250120120117.0
=008  170505s2004\\\\\\\\\\\\\\\\\\\\\\0\eng
=020  \\$a9780195182460
=041  \\$aeng
=100  \\$aBazzana, Kevin$4aut$917607
=245  \\$aWondrous Strange:$bThe Life and Art of Glenn Gould
=260  \\$aOxford$bOxford University Press$c2004
=300  \\$a528
=520  \\$aWhen Mikhail Baryshnikov defected in Toronto in 1974, he admitted that he knew only three things about Canada: It had great hockey teams, a lot of wheatfields, and Glenn Gould.
In Wondrous Strange, Kevin Bazzana vividly recaptures the life of Glenn Gould, one of the most celebrated pianists of our time. Drawing on twenty years of intensive research, including unrestricted access to Gould's private papers and interviews with scores of friends and colleagues, many of them never interviewed before, Bazzana sheds new light on such topics as Gould's family history, his secretive sexual life, and the mysterious problems that afflicted his hands in his later years. The author places Gould's distinctive traits--his eccentric interpretations, his garish onstage demeanor, his resistance to convention--against the backdrop of his religious, upper- middle-class Canadian childhood, illuminating the influence of Gould's mother as well as the lasting impact of the only piano teacher Gould ever had. Bazzana offers a fresh appreciation of Gould's concert career--his high-profile but illness-plagued international tours, his adventurous work for Canadian music festivals, his musical and legal problems with Steinway & Sons. In 1964, Gould made the extraordinary decision to perform only for records, radio, television, and film, a turning point that the author examines with unprecedented thoroughness (discussing, for example, his far-seeing interest in new recording technology). Here, too, are Gould's interests away from the piano, from his ambitious but failed effort to be a composer to his innovative brand of "contrapuntal radio." 
Richly illustrated with rare photographs, Wondrous Strange is a superbly written account of one of the most memorable and accomplished musicians of our times.
=600  \0$aGould, Glenn$d1932-1982$1http://www.wikidata.org/entity/Q216924$916347
=650  \0$aMusic history$1http://www.wikidata.org/entity/Q846047$921373
=942  \\$cBOO
=952  \\$00$10$2ddc$40$6BIO_GOUL_D$70$8BIO$919852$aORPH$bORPH$cKTS1_P$d2016-08-26$g62.00$oBIO GOUL d$p20129794$r2021-01-12 00:00:00$w2021-01-12$yBOO
=999  \\$c19777$d19777

