=LDR  02537aam a2200229   4500
=001  19779
=005  20230123111232.0
=008  200626s2010\\\\\\\\\\\\\\\\\\\\\\0\n
=020  \\$a9789033478000
=041  \\$adut
=100  \\$4Auteur$aTollenaere, Kris De$920752
=100  \\$4Auteur$aEerdekens, Jeanine$920753
=100  \\$4Auteur$aLefèvre, Pascal$920754
=100  \\$4Auteur$aVandoninck, Sofie$920755
=245  \\$aWoord&beeld verhalen: transitionaliteit tussen woord en beeld in fictieverhalen voor volwassenen
=260  \\$aLeuven$bAcco$c2010
=300  \\$a64
=520  \\$aWoord&Beeld Verhalen presenteert een onderzoek naar de transitionaliteit of overdrachtelijkheid van woord en beeld in fictieverhalen voor volwassenen, meer bepaald een onderzoek naar de invloed van transitionaliteit op de ontwikkeling en receptie van een verhaal. Concreet richt het onderzoek zich op de interactie tussen een woord- en beeldspoor: enerzijds wordt de tekst bepaald door de beelden, anderzijds worden beelden beïnvloed door het verbale spoor. In deze experimentele boeken worden verhalen niet alleen verteld door middel van een verbale tekst in een opmerkelijke typografie, maar evenzeer door beelden van diverse aard (fotografisch, getekend, geschilderd, abstract, figuratief) en door manipulaties van de drager zelf (openklapbare pagina's en dergelijke). Op die manier komen zowel het boek als object (drager van het transitionele proces) als het boek als subject aan bod.
Voor dit project werden negen nieuwe woord&beeld verhalen gecreëerd door negen beeldauteurs (masterstudenten Grafisch Ontwerp, MDA) en negen professionele woordauteurs, zowel uit Vlaanderen als Nederland. Deze creaties worden bovendien historisch en theoretisch geduid en aan een lezersonderzoek onderworpen.

ÿKRIS DE TOLLENAERE is master in de beeldende kunsten en docente grafisch ontwerp aan de Media en Design Academie Genk.

JEANINE EERDEKENS is doctor in de sociale wetenschappen en biedt theoretische ondersteuning aan de Media en Design Academie Genk.

PASCAL LEFÈVRE is doctor in de communicatiewetenschappen en is als docent verbonden aan de Media en Design Academie Genk en de Hogeschool Sint-Lukas Brussel.

SOFIE VANDONINCK is master in de communicatiewetenschappen en verbonden aan de faculteit Sociale Wetenschappen van de KU Leuven.
=490  \\$aCahiers van het IvOK$v19
=942  \\$cBOO
=952  \\$00$10$2ddc$40$6LIT_TOLL_A$70$8LIT$919854$aORPH$bORPH$cKM12_2_H$d2021-08-30$oLIT TOLL a$p20131331$r2021-01-12 00:00:00$w2021-01-12$yBOO
=999  \\$c19779$d19779

