=LDR  02262aam a2200265   4500
=001  19781
=005  20251001162314.0
=008  131115s2012\\\\\\\ag\\\\\\\\\\\\\0\eng\d
=020  \\$a9781441173102
=041  \\$aeng
=245  \\$aWord Events:$bPerspectives on Verbal Notation
=260  \\$aNew York$bContinuum$c2012
=300  \\$axxiii-456 pages
=520  \\$aVerbal notation has emerged since the 1950s as a prominent medium in the field of experimental music, as well as in related areas of arts practice involving performance and object making. Works created with this type of notation are often referred to by their authors as event scores, prose scores, text scores or instruction scores. Word Events features over 170 scores, many printed here for the first time, representing the works of more than 50 practitioners including George Brecht, John Cage, Cornelius Cardew, Pauline Oliveros, Yoko Ono, Michael Pisaro, Karlheinz Stockhausen, Jennifer Walshe and La Monte Young.The commentaries in the book explore the compositional strategies and performance practice of particular works, contextualised by key essays, including previously hard-to-find texts by Lawrence Halprin and Kenneth Maue, together with many new statements and interviews from composers, artists and performers. This unique and wide-ranging collection of scores and writings will be indispensable to musicians, artists, those involved with community arts, and anyone with an interest in exploring the rich potential of the written word.
=650  \0$aNotation$1http://www.wikidata.org/entity/Q233861$91964
=650  \0$aGraphic notation$1http://www.wikidata.org/entity/Q30015726$923875
=650  \0$aText$1http://www.wikidata.org/entity/Q234460$94267
=650  \0$aPerformance$1http://www.wikidata.org/entity/Q6942562$926223
=650  \0$aComposing$1http://www.wikidata.org/entity/Q92186587$93076
=650  \0$aMusic philosophy and aesthetics$1http://www.wikidata.org/entity/Q2092865$921165
=700  \\$aLely, John$4aut$920757
=700  \\$aSaunders, James$4aut$916094
=942  \\$cBOO
=952  \\$00$10$2ddc$40$6MTP_2_000000000000000_LELY$70$8MTP$923149$aORPH$bORPH$cKM12_1$d2024-01-16$l1$oMTP2 LELY$p20132168$q2024-07-26$r2024-01-30 00:00:00$s2024-01-30$w2024-01-30$yBOO
=999  \\$d19781

