=LDR  00866acm a2200217   4500
=001  19785
=005  20250120120150.0
=008  180323s1966\\\\\\\\\\\\\\\\\\\\\\0\eng
=020  \\$a978-1-59551-097-6
=041  \\$aeng$dfrm
=100  \\$4cmp$aJehan de Lescurel$dfl. early 14th century$1http://www.wikidata.org/entity/Q864596$920759
=245  \\$aThe Works of Jehan Lescurel
=260  \\$as.l.$bAmerican Institute of Musicology$c1966
=300  \\$avii-40 pages
=490  \\$aCorpus Mensurabilis Musicæ$v30
=648  \0$aMiddle Ages (500-1400)$1http://www.wikidata.org/entity/Q12554$920964
=650  \0$aVocal music$1http://www.wikidata.org/entity/Q685884$93319
=700  \\$4edt$aWilkins, Nigel$918502
=942  \\$cSCO
=952  \\$00$10$2ddc$40$6SCO_JEHA$70$8SCO$919860$aORPH$bORPH$cKTS1_P$d2022-08-31$l0$oSCO JEHA$p20117343$r2021-01-12 00:00:00$w2021-01-12$ySCO
=999  \\$d19785

