=LDR  01744aam a2200205   4500
=001  19786
=005  20250925143306.0
=008  161202s2016\\\\\\\\\\\\\a\\\\\\\\0deng
=041  \\$aeng
=245  \\$aThe World According to Bob:$bTwo Days of Music and Talks around the Work of Bob Gilmore
=300  \\$a54 pages
=520  \\$aBob Gilmore's presence on the new music scene radiated a unique combination of energy, openness, excitement, critical insight, sympathy and humour. His outstanding biographies of Harry Partch and Claude Vivier, and his musicological and other writings were complemented by passionate and informed advocacy of an extraordinary range of composers and music of recent times. Much of the music he embraced and wrote about was radically new and highly individual. Latterly, performing and commissioning with Trio Scordatura, he became directly involved in creating the work he loved. It was clear, following his death in January 2015, that many musicians feel his work and its implications deserve serious and more widespread recognition. In The World according to Bob, we hope to encourage that recognition by engaging with his achievements and what they mean for music, musical biography, history and musicology, and also to ask how Bobs legacy might be passed on for the future.
=648  \0$a20th Century (1901-2000)$1http://www.wikidata.org/entity/Q6927$920936
=650  \0$aBiography$1http://www.wikidata.org/entity/Q36279$91927
=700  \\$4aut$aSmalt, Elisabeth$920760
=700  \\$4aut$aOzzard, Patrick$920761
=700  \\$4aut$aDenyer, Frank$918113
=942  \\$cBOO
=952  \\$00$10$2ddc$40$6BIO_GILM_E$70$8BIO$919861$aORPH$bORPH$cKTS1_P$d2022-01-05$oBIO GILM e$p20126009$r2021-01-12 00:00:00$w2021-01-12$yBOO
=999  \\$d19786

