=LDR  02599aam a2200217   4500
=001  19789
=005  20250925143306.0
=008  150205s2012\\\\\\\\\\\\\\\\\\\\\\0\eng
=020  \\$a9789299006306
=041  \\$aeng
=245  \\$aWorld Scenography:$b1975-1990
=260  \\$aTaipei$bOISTAT$c2012
=300  \\$a430 pages
=520  \\$aWorld Scenography 1975-1990 is the first in a new book series documenting significant and influential set, costume, and lighting design from around the world. It encompasses material from more than five dozen countries, representing the work of hundreds of contributors, and documents circa 430 works of theatrical design for all forms of performance, from theatre and dance to opera and spectacle. Featured designers include Tony and Drama Desk Award-winner Maria Bjornson of France/UK (Phantom of the Opera, 1988); German designer Achim Freyer, winner of the Prague Quadrennial's lifetime achievement award (Woyzek, 1989; The Magic Flute, 1982); Sun-Hi Shin of Korea (A Bicycle, 1983; An Encounter, 1990); Canadian designer André Caron (Cirque Réinventé, 1987 for Cirque du Soleil); and veteran Broadway designer Robin Wagner (A Chorus Line, 1976; On The Twentieth Century, 1978; Dreamgirls, 1981). Among the many other notable designers documented are Boris Aronson, David Borovsky, John Bury, Richard Foreman, David Hockney, Tadeusz Kantor, Yannis Kokkos, Ralph Koltai, Valery Levental, William Ivey Long, Alejandro Luna, John Napier, Cameron Porteous, Josef Svoboda, Ichiro Takada, Joe Vanek, Ladislav Vychodil, and Robert Wilson. McKinnon and Fielding led an international team of researchers and associate editors to produce World Scenography 1975-1990. The World Scenography book series was inspired by and seeks to build on the foundation established by the four volumes of Stage Design Throughout the World that were edited by Belgian professor René Hainaux. Sadly, that wonderful series ended its documentation and publication in 1975. McKinnon and Fielding plan to do two more volumes documenting 1990-2005 and 2005-2015. They then hope that others will then pick up the torch and prepare subsequent volumes each decade thereafter.
=648  \0$a20th Century (1901-2000)$1http://www.wikidata.org/entity/Q6927$920936
=650  \0$aScenography$1http://www.wikidata.org/entity/Q737201$921278
=700  \\$4aut$aMcKinnon, Peter$920763
=700  \\$4aut$aFielding, Eric$920764
=942  \\$cBOO
=952  \\$00$10$2ddc$40$6VIS_MCKI$70$8VIS$919864$aORPH$bORPH$cKTS1_H$d2022-09-19$g118.00$l0$oVIS MCKI$p20114950$r2021-01-12 00:00:00$w2021-01-12$yBOO
=999  \\$c19789$d19789

