=LDR  02689aam a2200229   4500
=001  19791
=005  20250925143306.0
=008  150519s1958\\\\\\\\\\\\\\\\\\\\\\0\ger\d
=041  \\$ager
=100  \\$aHartmann, Peter$4aut$920421
=245  \\$aDas Wort als Name:$bStruktur, Konstitution und Leistung der benennenden Bestimmung
=260  \\$aCologne$aOpladen$bWestdeutscher verlag$c1958
=300  \\$a88 pages
=490  \\$aWissenschaftliche Abhandlungen der Arbeitsgemeinschaft für Forschung des Landes Nordrhein-Westfalen$v6
=520  \\$aDie nachfolgenden Betrachtungen entstammen einer Fragestellung, die sich im Rahmen eines größ,eren Problems ergab und eine gesonderte Lösung erforderte. Anläßlich einiger Überlegungen über das Verhältnis von Sprache und Erkenntnis zeigte sich nämlich, daß die Rolle des Namens bzw. des benennenden Bestimmens beim Formulieren von Erkenntnissen so lange nicht adäquat zu erfas·sen ist, wie nicht Struktur und Konstitution der Benennung als solcher untersucht und klargestellt sind. Die Absicht, dies zu tun, ergab die vorliegende selbständige Studie. Sie bewegt sich auf einem Gebiet, das bekanntlich schon einmal von Cas·sirer behandelt worden ist in seiner mei­ sterhaften Darstellung in der Philosophie der symbolischen Formen, Band I; hierzu wird in der vorliegenden Veröffentlichung in einem Schlußabschnitt kurz Stellung genommen. 2) Absichtlich wird im foLgenden . das Wort 'als Name betrachtet, d. h. in seiner Eig·enschaft, charakterisierende Bestimmung zu ermöglichen und mit­ zuteilen. Es geht damit um dasjenige am Wort oder Sprachmittel allgemein, wodurch ~es für den Menschen ebenso "sinn "voll wie nötig wird; weniger geht es uns hier um seine einen Sinn exponierende Schallgestalt. ,Name' meint somit dasjenige, was den Charakter eines Wortes als Nennung aus­ macht und was für seine Brauchbarkeit als Benennung von etwas verant­ wortlich ist. Worin schließlich auch das Nennen selbst gipfelt bzw. fundiert werden kann, soll sich im Lauf der Darstellung ergeben. Der Unterschied zur Arbeit E. Leisis Der Wortinhalt, Heidelbel"g 1953, liegt somit darin, daß jene Arbeit auf den Wortinhalt und nicht auf die ,Leistung' des Wortes überhaupt ausgeht.

=648  \0$a20th Century (1901-2000)$1http://www.wikidata.org/entity/Q6927$920936
=650  \0$aPhilosophy$1http://www.wikidata.org/entity/Q5891$92357
=650  \0$aLinguistics$1http://www.wikidata.org/entity/Q8162$93902
=651  \0$aGermany$1http://www.wikidata.org/entity/Q183$9155
=942  \\$cBOO
=952  \\$00$10$2ddc$40$6PHI_HART_A$70$8PHI$919866$aORPH$bORPH$cKM12_3_2$d2021-07-30$oPHI HART a$p20132796$r2021-01-12 00:00:00$w2021-01-12$yBOO
=999  \\$d19791

