=LDR  01190aam a2200205   4500
=001  19794
=005  20250109133050.0
=008  120904s2005\\\\\\\\\\\\\\\\\\\\\\0\eng
=020  \\$a9781403994875
=041  \\$aeng
=245  \\$aWrite it right: A handbook for students
=260  \\$aNew York$bPalgrave Macmillan$c2005
=300  \\$a199 pages
=490  \\$aPalgrave study guides
=520  \\$aFeedback from users of the Student's Guide to Writing suggested that some students find it hard to make time to read a book from cover to cover, and need a quick, problem-solving approach to improving their writing. This is what is offered in Peck and Coyle's new book Write it Right. Write it Right offers advice in short 'modules' which target particular tasks (such as applications or essays) or common problems (like punctuation). It will be ideal for students who are short of time, but nevertheless want to improve their writing.
=700  \\$4aut$aPeck, John$920312
=700  \\$4aut$aCoyle, Martin$920311
=942  \\$cBOO
=952  \\$00$10$2ddc$40$6REF_2_000000000000000_COYL$70$8REF$919869$aORPH$bORPH$cKM12_1$d2021-08-23$g10.00$oREF2 COYL$p20131227$r2021-01-12 00:00:00$w2021-01-12$yBOO
=999  \\$d19794

