=LDR  01711aam a2200181   4500
=001  19796
=005  20250109133056.0
=008  161122s2013\\\\\\\\\\\\\\\\\\\\\\0\e
=020  \\$a97800804770828
=041  \\$aeng
=100  \\$aClune, Michael W.$4aut$920767
=245  \\$aWriting against time
=260  \\$aStanford, California$bStanford university press$c2013
=300  \\$a188
=520  \\$aFor centuries, a central goal of art has been to make us see the world with new eyes. Thinkers from Edmund Burke to Elaine Scarry have understood this effort as the attempt to create new forms. But as anyone who has ever worn out a song by repeated listening knows, artistic form is hardly immune to sensation-killing habit. Some of our most ambitious writersKeats, Proust, Nabokov, Ashberyhave been obsessed by this problem. Attempting to create an image that never gets old, they experiment with virtual, ideal forms. Poems and novels become workshops, as fragments of the real world are scrutinized for insights and the shape of an ideal artwork is pieced together. These writers, voracious in their appetite for any knowledge that will further their goal, find help in unlikely places. The logic of totalitarian regimes, the phenomenology of music, the pathology of addiction, and global commodity exchange furnish them with tools and models for arresting neurobiological time. Reading central works of the past two centuries in light of their shared ambition, Clune produces a revisionary understanding of some of our most important literature.
=942  \\$cBOO
=952  \\$00$10$2ddc$40$6PHI_CLUN_A$70$8PHI$919871$aORPH$bORPH$cKM12_3_2$d2021-08-11$oPHI CLUN a$p20133634$r2021-01-12 00:00:00$w2021-01-12$yBOO
=999  \\$c19796$d19796

