=LDR  02917aam a2200253   4500
=001  19799
=005  20251001162314.0
=008  120711s2002\\\\\\\\\\\\\\\\\\\\\\0\eng
=020  \\$a9780195111712
=041  \\$aeng
=100  \\$4aut$aReich, Steve$d1936-$1http://www.wikidata.org/entity/Q262791$920770
=245  \\$aWritings on Music 1965-2000
=260  \\$aOxford$bOxford University Press$c2002
=300  \\$a254 pages
=520  \\$aIn the mid-1960s, Steve Reich radically renewed the musical landscape with a back-to-basics sound that came to be called Minimalism. These early works, characterized by a relentless pulse and static harmony, focused single-mindedly on the process of gradual rhythmic change. Throughout his career, Reich has continued to reinvigorate the music world, drawing from a wide array of classical, popular, sacred, and non-western idioms. His works reflect the steady evolution of an original musical mind.

Writings on Music documents the creative journey of this thoughtful, groundbreaking composer. These 64 short pieces include Reich's 1968 essay "Music as a Gradual Process," widely considered one of the most influential pieces of music theory in the second half of the 20th century. Subsequent essays, articles, and interviews treat Reich's early work with tape and phase shifting, showing its development into more recent work with speech melody and instrumental music. Other essays recount his exposure to non-western music -- African drumming, Balinese gamelan, Hebrew cantillation -- and the influence of these musics as structures and not as sounds. The writings include Reich's reactions to and appreciations of the works of his contemporaries (John Cage, Luciano Berio, Morton Feldman, Gyorgy Ligeti) and older influences (Kurt Weill, Schoenberg). Each major work of the composer's career is also explored through notes written for performances and recordings.

Paul Hillier, himself a respected figure in the early music and new music worlds, has revisited these texts, working with the author to clarify their central narrative: the aesthetic and intellectual development of an influential composer. For long-time listeners and young musicians recently introduced to his work, this book provides an opportunity to get to know Reich's music in greater depth and perspective.
=648  \0$1http://www.wikidata.org/entity/Q6927$a20th Century (1901-2000)$920936
=650  \0$aComposing$1http://www.wikidata.org/entity/Q92186587$93076
=650  \0$aMinimalist music$1http://www.wikidata.org/entity/Q572901$923040
=650  \0$aMusic philosophy and aesthetics$1http://www.wikidata.org/entity/Q2092865$921165
=651  \0$1http://www.wikidata.org/entity/Q30$aUSA$943
=700  \\$4edt$4win$aHillier, Paul$920771
=942  \\$cBOO
=952  \\$00$10$2ddc$40$6TRE_REIC$70$8TRE$919874$aORPH$bORPH$cKTS1_H$d2021-04-29$l0$oTRE REIC$p20129559$r2021-01-12 00:00:00$w2021-01-12$yBOO
=999  \\$d19799

