=LDR  00630aam a2200181   4500
=001  19806
=005  20250120120048.0
=008  120223s2003\\\\\\\\\\\\\\\\\\\\\\0\eng
=020  \\$a9771406709002
=041  \\$aeng
=245  \\$aYearbook 2003/3 of the international Eduard Tubin Society
=260  \\$aEstonia$bInternational Eduard Tubin Society$c2003
=300  \\$a142 pages
=700  \\$4edt$aHumal, Mart$916599
=700  \\$4edt$aPärtlas, Margus$920774
=942  \\$cBOO
=952  \\$00$10$2ddc$40$6REF_3_000000000000000_HUMA$70$8REF$919881$aORPH$bORPH$cKM12_1$d2021-08-24$oREF3 HUMA$p20134325$r2021-01-12 00:00:00$w2021-01-12$yBOO
=999  \\$d19806

