=LDR  00585aam a2200169   4500
=001  19807
=005  20250120120048.0
=008  120223s2004\\\\\\\\\\\\\\\\\\\\\\0\eng
=020  \\$a9771406709002
=041  \\$aeng
=100  \\$4edt$aHumal, Mart$916599
=245  \\$aYearbook 2004/4 of the international Eduard Tubin Society
=260  \\$aTallinn$bInternational Eduard Tubin Society$c2004
=300  \\$a175 pages
=942  \\$cBOO
=952  \\$00$10$2ddc$40$6REF_3_000000000000000_HUMA$70$8REF$919882$aORPH$bORPH$cKM12_1$d2021-08-24$oREF3 HUMA$p20134326$r2021-01-12 00:00:00$w2021-01-12$yBOO
=999  \\$d19807

