=LDR  01935aam a2200229   4500
=001  19808
=003  OSt
=005  20250109133325.0
=008  171025s2006\\\\\\\\\\\\\\\\\\\\\\0\eng
=020  \\$a1875933085
=040  \\$cOI
=041  \\$aeng
=100  \\$aLevey, Marie Therese$4aut$920775
=245  \\$aThe Years Before Gregory:$bSources of Gregorian Chant$nI
=260  \\$aBondi$bSt Joseph Publications$c2006
=300  \\$a39 pages
=520  \\$aMarie Therese Levey is one of those rare creatures in chant studies who seek to communicate their knowledge of the subject to a broad as possible audience at the same time as maintaining sound principles of scholarship. The detail into which she delves was well proven by her doctoral thesis on liturgical manuscript migration (later published as The Migration of the Liturgy of the Divine Office of the Roman Rite into Portugal [North Sydney: St Josephs Publications, 1991]) which is an extraordinary volume tracing the particular history of a manuscript (Codex 4* of Arouca) and the wide influence that this single manuscript had on an entire national tradition. Her latest volume, though slim, provides an excellent starting point for those coming to the chant without specific knowledge of the environment in which it evolved, that is in the broadest terms Christian culture and in more specific terms the Catholic culture owing allegiance to the See of Peter. The volume under review is marked by Levey's tireless devotion to the subject and her considerable experience in introducing people to Gregorian Chant and teaching people who want to know more.
=648  \0$aMiddle Ages (500-1400)$1http://www.wikidata.org/entity/Q12554$920964
=650  \0$aPlainchant$1http://www.wikidata.org/entity/Q2707688$921363
=942  \\$cBOO
=952  \\$00$10$2ddc$40$6GEN_2_000000000000000$70$8GEN$919883$aORPH$bORPH$cKM12_1$d2022-01-05$oGEN2$p20125999$r2021-01-12 00:00:00$w2021-01-12$yBOO
=999  \\$d19808

