=LDR  00826aam a2200181   4500
=001  19813
=005  20230123111237.0
=008  110830s1999\\\\\\\\\\\\\\\\\\\\\\0\eng
=020  \\$a9780566082139
=041  \\$aeng
=100  \\$aLuck, Martin$4aut$920787
=245  \\$aYour student research project
=260  \\$aHampshire$bGower$c1999
=300  \\$a186 pages
=520  \\$aThis text offers practical advice on how to cope with a project, with chapters covering motivation and skills, choosing a topic, planning research, reading the literature, making progress and writing it up. The text emphasizes using skills gained in the world beyond university.
=942  \\$cBOO
=952  \\$00$10$2ddc$40$6REF_2_000000000000000_LUCK$70$8REF$919888$aORPH$bORPH$cKM12_1$d2021-08-24$oREF2 LUCK$p20131129$r2021-01-12 00:00:00$w2021-01-12$yBOO
=999  \\$d19813

