=LDR  01859ajm a2200325   4500
=001  19816
=005  20250926110127.0
=008  150313s2004\\\\\\\\\\\\\\\\\\\\\\0\ger\d
=020  \\$a7613105639414
=041  \\$ager
=245  \\$aZeitgenössische Gitarren-Duos
=260  \\$aZürich$bMusiques Suisses / Grammont Portrait$c2004
=300  \\$aCD, 01:04:35
=505  \\$gSalut für Caudwell für 2 Gitartristen (1977) / Helmut Lachenmann - Präludium, Arioso und Passacaglia (1985) / Heinz Holliger --  Nr 2 < the other> für 2 Gitarren und Electronik (2002) / Walter Feldmann -- Sonnet (William Shakespeare) fur Stimme und 2 Gitarren (1963) / Adriana Holszky
=648  \0$a20th Century (1901-2000)$1http://www.wikidata.org/entity/Q6927$920936
=650  \0$aChamber music$1http://www.wikidata.org/entity/Q189201$92105
=650  \0$aGuitar$1http://www.wikidata.org/entity/Q6607$921152
=650  \0$aDuet$1http://www.wikidata.org/entity/Q109940$92394
=651  \0$aGermany$1http://www.wikidata.org/entity/Q183$9155
=700  \\$4prf$aScheidegger, Mats$920789
=700  \\$4prf$aSchmidt, Stephan$920790
=700  \\$4prf$aFrauchiger, Katrin$d1967-$1http://www.wikidata.org/entity/Q65007850$923547
=700  \\$4cmp$aLachenmann, Helmut$d1935-$1http://www.wikidata.org/entity/Q549442$916974
=700  \\$4cmp$aHolliger, Heinz$d1939-$919534
=700  \\$4cmp$aFeldmann, Walter$d1965-$1http://www.wikidata.org/entity/Q30728768$923548
=700  \\$4cmp$aHölszky, Adriana$1http://www.wikidata.org/entity/Q273800$923546
=942  \\$cREC
=952  \\$00$10$40$70$8REC$919891$aORPH$bORPH$cKM12_2_B$l0$p20115098$r2021-01-12 00:00:00$w2021-01-12$yREC
=952  \\$00$10$2ddc$40$6REC_CD_SCHE_2004_000000000000000$70$8REC$921225$aORPH$bORPH$cKM12_2_B$d2022-01-13$l1$oREC CD SCHE 2004$p20138276$q2022-07-22$r2022-01-25 00:00:00$s2022-01-25$w2021-01-12$yREC
=999  \\$d19816

