=LDR  01054aam a2200241   4500
=001  19821
=005  20250120120218.0
=008  151009s1866\\\\\\\\\\\\\\\\\\\\\\d\fre
=041  \\$afre
=100  \\$4aut$aRuelens, Charles$921703
=245  \\$aZerline.$bOpéra comique en deux actes
=260  \\$aBrussels$bToint-Scohier$c1866
=300  \\$a44 pages
=590  \\$aReprésenté pour la première fois (en partie) chez Mme Ruelens, le 8 avril 1866
=600  \0$aToussaint, Armand$920794
=648  \0$a19th Century (1801-1900)$1http://www.wikidata.org/entity/Q6955$920935
=650  \0$aOpera$1http://www.wikidata.org/entity/Q1344$92468
=650  \0$aLibretto$1http://www.wikidata.org/entity/Q131084$94031
=650  \0$aThéâtre de société$1http://www.wikidata.org/entity/Q3527725$921127
=651  \0$aBelgium$1http://www.wikidata.org/entity/Q31$920881
=942  \\$cBOO
=952  \\$00$10$2ddc$40$6KTS_1_000000000000000_C3_15_24$70$8RAR$919896$aORPH$bORPH$cKTS1_C3$d2021-06-14$oKTS1 C3.15 (24)$p20136432$r2021-01-12 00:00:00$w2021-01-12$yBOO
=999  \\$c19821$d19821

