=LDR  00621aam a2200169   4500
=001  19824
=005  20250109133056.0
=008  150521s1960\\\\\\\\\\\\\\\\\\\\\\0\n
=041  \\$adut
=100  \\$4Editor$aStutterheim, C.F.P.$920796
=100  \\$4Editor$aKazemier, B.H.$920797
=245  \\$aZin en betekenis: Tiende symposion der sociëteit voor culturele samenwerking 's-Gravenhage
=260  \\$a'S-Gravenhage$bLeopolds uitgevers$c1960
=300  \\$a75
=942  \\$cBOO
=952  \\$00$10$2ddc$40$6PHI_STUT_A$70$8PHI$919899$aORPH$bORPH$cKM12_3_2$d2021-08-04$oPHI STUT a$p20133052$r2021-01-12 00:00:00$w2021-01-12$yBOO
=999  \\$c19824$d19824

