=LDR  01618aam a2200205   4500
=001  19825
=005  20230123111238.0
=008  150209s2014\\\\\\\\\\\\\\\\\\\\\\0\e
=020  \\$a9781137410900
=041  \\$aeng
=100  \\$4Editor$aChow, Broderick$920798
=100  \\$4Editor$aMangold, Alex$920799
=245  \\$aZizek and performance
=260  \\$aNew York$bPalgrave Macmillan$c2014
=300  \\$a268
=520  \\$aSlavoj Zizek is a cultural phenomenon. His writings have influenced the way we think about politics, psychoanalysis, and a range of cultural issues in our increasingly volatile political and economic climate. This is the first collection to relate explicitly his thoughts on neoliberalism, globalisation, social change and subjectivity to the theory and practice of theatre and performance. Are there common grounds between Zizek's performative persona, his writing style, and performative and theatrical events? Can theatre and performance theories and practices shed some more light on the 'Elvis of cultural theory' and his often controversial work? This volume features 16 critical essays that examine a truly eclectic range of performance makers, events, and moments - from Wagner's Parsifal to Daniel Radcliffe, from Forced Entertainment to Hollywood dance. It concludes with a new text from Zizek himself, as he turns, for the first time, his gaze to performance.
=490  \\$aPerformance Philosophy$v2
=942  \\$cBOO
=952  \\$00$10$2ddc$40$6PHI_ZIZE_B_CHOW$70$8PHI$919900$aORPH$bORPH$cKM12_3_2$d2021-08-10$g27.00$oPHI ZIZE b CHOW$p20133549$r2021-01-12 00:00:00$w2021-01-12$yBOO
=999  \\$c19825$d19825

