=LDR  02046aam a2200253   4500
=001  19826
=005  20250120115748.0
=008  120209s2007\\\\\\\\\\\\\\\\\\\\\\0\dut
=020  \\$a9789067688680
=041  \\$adut
=245  \\$aZo werkt Europa
=260  \\$aBrugge$bDie Keure$c2007
=300  \\$a472 pages
=520  \\$aHet boek "Zo werkt Europa" is een poging om 50 jaar Europa tot bij de burger te brengen. Niemand heeft tot nu toe geprobeerd een overzicht van de geschiedenis, de instellingen én het beleid van de Europese Unie in één boek samen te brengen. Hoe kwam de Unie tot stand en waar staat ze vandaag, welke basisprincipes regelen de werking van de Unie? Waar vind je de belangrijkste praktische informatie die je als geïnteresseerde burger nodig kunt hebben als je met de werking van de Europese Unie te maken krijgt?

De verschillende stappen van de Europese eenmaking worden belicht, Europese functies en belangrijke vergaderingen krijgen een gezicht en voorbeelden van Vlaamse of Belgische projecten tonen aan hoe Europa ons dagelijks leven beïnvloedt. Door de verwijzing naar websites doorheen het boek kan de lezer zich verder verdiepen in de materie en steeds de meest recente informatie vinden. 

"Zo werkt Europa" is een volledig in kleur gedrukt en geïllustreerd "handboek" voor iedereen die meer wil weten over Europa: voor je werk, voor je studie, voor je klas, voor je bedrijf, voor je gemeente, voor je kinderen en kleinkinderen of gewoonweg uit interesse.


=648  \0$a21st Century (2001-2100)$1http://www.wikidata.org/entity/Q6939$920812
=650  \0$aPolitics$1http://www.wikidata.org/entity/Q7163$921826
=651  \0$aEurope$1http://www.wikidata.org/entity/Q46$991
=700  \\$4aut$aSterckx, Dirk$920802
=700  \\$4aut$aRyckbost, Isabelle$920801
=700  \\$4aut$aVan Bossuyt, Anneleen$920800
=700  \\$4aut$aVermeersch, An$920803
=942  \\$cBOO
=952  \\$00$10$2ddc$40$6HUM_STER$70$8HUM$919901$aORPH$bORPH$cKM12_1$d2021-09-20$oHUM STER$p20131435$r2021-01-12 00:00:00$w2021-01-12$yBOO
=999  \\$d19826

