=LDR  01114aam a2200181   4500
=001  19829
=005  20250120120101.0
=008  120309s1985\\\\\\\\\\\\\\\\\\\\\\0\d
=020  \\$a9783518281321
=041  \\$ager
=100  \\$aWellmer, Albrecht$4aut$917104
=245  \\$aZur Dialektik von Moderne und Postmoderne: Vernunftkritik nach Adorno
=260  \\$aFrankfurt am Main$bsuhrkamp taschenbuch$c1985
=300  \\$a165
=520  \\$aAnhand von vier Aufsätzen bzw. Reden ermöglicht Wellmer einen Einstieg in das Werk Adornos, wobei er maßgeblich auf die "Negative Dialektik" und auf dessen " Ästhetische Theorie" eingeht. Wenn auch nicht ganz einfach zu verstehen ( wobei: kann das möglich sein angesichts eines, laut Adorno, unrefferierbaren Themas ??), so werden doch einige Grundsätze klar, die zum tieferen Verständnis Adornos Ästhetik beitragen können bzw. einen Einstieg in den (postmodernen) Kunst/Kulturdiskurs erleichtern.
=942  \\$cBOO
=952  \\$00$10$2ddc$40$6PHI_WELL_A$70$8PHI$919904$aORPH$bORPH$cKM12_3_2$d2021-08-09$g9.00$oPHI WELL a$p20133369$r2021-01-12 00:00:00$w2021-01-12$yBOO
=999  \\$c19829$d19829

