=LDR  01045aam a2200229   4500
=001  19832
=005  20250925143306.0
=008  150519s1920\\\\\\\\\\\\\\\\\\\\\\0\ger\d
=041  \\$ager
=100  \\$aCassirer, Ernst$d1874-1945$4aut$1http://www.wikidata.org/entity/Q57188$916792
=245  \\$aZur Einstein'schen Relativitätstheorie:$bErkenntnistheoretische Betrachtungen
=260  \\$aBerlin$bCassirer$c1920
=300  \\$a134 pages
=600  \0$aEinstein, Albert$d1879-1955$1http://www.wikidata.org/entity/Q937$921474
=648  \0$a20th Century (1901-2000)$1http://www.wikidata.org/entity/Q6927$920936
=650  \0$aPhilosophy$1http://www.wikidata.org/entity/Q5891$92357
=650  \0$aScience$1http://www.wikidata.org/entity/Q7991$921650
=650  \0$aEpisteme$1http://www.wikidata.org/entity/Q1164521$924648
=651  \0$aGermany$1http://www.wikidata.org/entity/Q183$9155
=942  \\$cBOO
=952  \\$00$10$2ddc$40$6PHI_CASS_A$70$8PHI$919907$aORPH$bORPH$cKM12_3_2$d2021-08-09$oPHI CASS a$p20133246$r2021-01-12 00:00:00$w2021-01-12$yBOO
=999  \\$d19832

