=LDR  02331aam a2200217   4500
=001  19833
=005  20250121142132.0
=008  200923s2017\\\\\\\\\\\\\\\\\\\\\\0\ger
=020  \\$a9783957861191
=041  \\$ager
=100  \\$4edt$aPhilipsen, Christian$920804
=245  \\$aZur Entwicklung des Klavierspiels von Carl Philipp Emanuel Bach bis Clara Schumann
=260  \\$aAugsburg$bWissner$c2017
=300  \\$a380 pages
=520  \\$aXL Wissenschaftliche Arbeitstagung und 32. Musikinstrumentenbau-Symposium Michaelstein, 8. bis 10. November 2013

Zwischen dem Klavierspiel von Carl Philipp Emanuel Bach und dem Clara Schumanns liegen Welten. Während er noch die Spielweise auf dem Clavichord qualifizierte, erlebte sie innerhalb ihrer Karriere als Pianistin die Herausbildung der wesentlichen Merkmale des modernen Konzertflügels mit allen spieltechnischen Konsequenzen. Eine Vielzahl technischer Erfindungen im Klavierbau, damit verbundene klangliche Veränderungen sowie eine Vielfalt der Vortragsmittel kennzeichnen diese Zeitepoche von der Mitte des 18. bis zur Mitte des 19. Jahrhunderts. Die Interaktion zwischen den regional differenzierten Entwicklungen im Klavierbau und den Kompositionsstilen, Spielweisen sowie der Klangästhetik belegen exemplarische Untersuchungen, so unter anderem zu den verschiedenen Klangwelten von Cristoforis und Silbermanns Hammerflügeln, zu den Pantalons mit ihrer rauschende Klangfülle oder zur Spezifik der englischen und französischen Klavierbauschule.
Eines jedoch blieb über den Wandel der Zeiten in Gebrauch  das Clavichord. Als der Lehrer der Welt im Clavichorde wirkte dabei Carl Philipp Emanuel Bach zentral für die Gestaltung des Vortrags über mehrere Generationen: Ludwig van Beethoven, Carl Czerny, Johann Nepomuk Hummel und Franz Liszt reihen sich in diese Tradition, die von historisch informierten Interpreten der Gegenwart wieder aufgegriffen und fortgeführt wird.
=648  \0$a18th Century (1701-1800)$1http://www.wikidata.org/entity/Q7015$920899
=648  \0$a19th Century (1801-1900)$1http://www.wikidata.org/entity/Q6955$920935
=650  \0$aKeyboard music$1http://www.wikidata.org/entity/Q105715630$921412
=942  \\$cBOO
=952  \\$00$10$2ddc$40$6INS_3A$70$8INS$919908$aORPH$bORPH$cKTS0$d2021-11-18$oINS3a$p20129079$r2021-01-12 00:00:00$w2021-01-12$yBOO
=999  \\$d19833

