=LDR  01183cam a2200277 i 4500
=001  19844
=003  OSt
=005  20211001102345.0
=008  850426s1978\\\\ge\\\\\\\b\\\\001\0\ger\\
=040  \\$aOI
=041  \\$ager
=100  1\$aPasch, Johann,$d1653-1710.$4aut
=240  10$aBeschreibung wahrer Tanz-Kunst
=245  10$aJohann Paschens Beschreibung wahrer Tanz-Kunst :$bnebst einigen Anmerckungen über Herrn J.C.L.P.P. zu G. Bedencken gegen das Tantzen ...
=250  \\$aFotomechanischer Neudruck der Originalausg. 1707 /$bmit einem Nachwort und einem Register von Kurt Petermann.
=260  \\$aLeipzig :$bZentralantiquariat der Deutschen Demokratischen Republik,$c1978.
=300  \\$a475 pages$c18 cm.
=504  \\$aIncludes bibliographical references and index.
=650  \0$aDance$xSocial aspects.
=650  \0$aDance.
=740  0\$aBeschreibung wahrer Tanz-Kunst.
=906  \\$a7$bcbc$corignew$d4$encip$f19$gy-gencatlg
=942  \\$2ddc$cBOO
=952  \\$00$10$2ddc$40$6GEN_17_000000000000000$70$8GEN$919921$aORPH$bORPH$cKM12_1$d2021-02-09$eKoopman$l0$oGEN 17$p20124972$r2021-02-09 00:00:00$w2021-02-09$yBOO
=999  \\$c19844$d19844
=490  \\$aDocumenta choreologica ;$vBd. 16

