=LDR  01373cam a2200301 i 4500
=001  19845
=003  OSt
=005  20250120115829.0
=008  800305r19781569ge\\\\\\\b\\\\001\0\ger\\
=015  \\$aGFR79-A48
=020  \\$c48.00M
=040  \\$aOI
=041  \\$ager
=100  1\$aDaul, Florian,$d1522-$4aut
=245  10$aTantzteuffel :$bdas ist wider d. leichtfertigen unverschempten Welttantz und sonderlich wider d. Gottsszucht und ehrvergessene Nachttaentze /$cgestellet durch Florianum Daulen von Fürstenberg ; [mit Nachw. u. Reg. von Kurt Petermann].
=250  \\$aFotomechan. Neudr. d. Orig.-Ausg. 1569.
=260  \\$aLeipzig :$bZentralantiquariat der Deutschen Demokratischen Republik,$c1984
=300  \\$a113 pages, 50 pages ;$c16 cm.
=504  \\$aIncludes bibliographical references and index.
=650  \0$aCountry dancing$zGermany$xHistory.
=651  \0$aGermany$xSocial life and customs.$1http://www.wikidata.org/entity/Q183$9155
=700  1\$aPetermann, Kurt,$d1930-1984.
=906  \\$a7$bcbc$corignew$du$encip$f19$gy-gencatlg
=942  \\$2ddc$cBOO
=952  \\$00$10$2ddc$40$6GEN_17_000000000000000$70$8GEN$919922$aORPH$bORPH$cKM12_1$d2021-02-09$eKoopman$l0$oGEN 17$p20126439$r2021-02-09 00:00:00$w2021-02-09$yBOO
=999  \\$c19845$d19845
=490  \\$aDocumenta choreologica ;$vBd. 8
=650  \0$aMusic history$1http://www.wikidata.org/entity/Q846047$921373

