=LDR  00855cam a22001931  4500
=001  19847
=003  OSt
=005  20210413164324.0
=008  840817s1782\\\\gw\\\\\\\\\\\\000\0\ger\\
=040  \\$cST
=041  \\$ager
=100  1\$aKirchrath, Reiner,$d1747-1826.$4aut
=245  10$aTheatrum musicæ choralis, das ist: Kurze und gründliche erklärte verfassung der aretinischer und gregorianischer singkunst /$czusammengetragen und in druck gegeben von Reinero Kirchrath ... Köln, 1782.$bEingeleitet und im Faksimile herausgegeben von Karl Gustav Fellerer
=260  \\$aKöln$bArno Volk$c1961
=300  \\$a88 pages$c12 x 19 cm.
=650  \0$aGregorian chants.
=942  \\$2ddc$cBOO
=952  \\$00$10$2ddc$40$6GEN_2_000000000000000$70$8GEN$919924$aORPH$bORPH$cKM12_1$d2021-02-09$eKoopman$l0$oGEN 2$p20126399$r2021-02-09 00:00:00$w2021-02-09$yBOO
=999  \\$c19847$d19847

