=LDR  01661aam a2200205   4500
=001  19848
=005  20250109133512.0
=008  150701s\\\\\\\\\\\\\\\\\\\\\\\\\\0\eng
=020  \\$a9782960137835
=041  \\$aeng
=245  \\$aGuide to Third Cycle Studies in Higher Music Education:$bPolifonia 3rd Cycle Working Group
=246  \1$aHandbook
=260  \\$aMalmö$bLund University, Malmö Academy of Music$bAssociation Européenne des Conservatoires, Académies de MUsique et Musikhochschulen$c2007
=300  \\$a43 pages
=490  \\$aAEC Publications
=520  \\$aThis working gourp (WG) has focused on quality enhancement in relation to the role of research in higher music education (HME) institutions. It has paid particular attention to the kind of research described as artistic research. In doing so, it has examined the role of students as participants in this area, especially at Masters and Doctoral level, as well as considering how best to support the on-going professional development of conservatoire teachers as artistic researchers. The solid establishment of a European Platform for Artistic Research in Music has been one of its means of achieving this. After a pilot event in Belgrade in 2010, the first conference of this platform within the lifetime of the project took place in Rome (May, 2012) and was followed by two further events (Lyon, April 2013 and Stockholm, March 2014).
=650  \0$aMusic education$1http://www.wikidata.org/entity/Q27908$921766
=942  \\$cBOO
=952  \\$00$10$2ddc$40$6MTP_4_000000000000000_POLI$70$8MTP$919930$aORPH$bORPH$cKM12_1$d2021-02-25$l0$oMTP4 POLI$p20135485$r2021-02-25 00:00:00$w2021-02-25$yBOO
=999  \\$d19848

