=LDR  01494aam a2200181   4500
=001  19849
=005  20240121204043.0
=008  150701s\\\\\\\\\\\\\\\\\\\\\\\\\\0\e
=020  \\$a9782960137835
=041  \\$aeng
=100  \\$aPolifonia Working Group$4aut$919950
=245  \\$aToday's student: tomorrow's alumnus. Cultivating good alumni relationships in conservatories. $bHandbook by Susan Sturrock
=260  \\$bPolifonia$c2007
=300  \\$a46 pages
=520  \\$aThis working gourp (WG) has focused on quality enhancement in relation to the role of research in higher music education (HME) institutions. It has paid particular attention to the kind of research described as artistic research. In doing so, it has examined the role of students as participants in this area, especially at Masters and Doctoral level, as well as considering how best to support the on-going professional development of conservatoire teachers as artistic researchers. The solid establishment of a European Platform for Artistic Research in Music has been one of its means of achieving this. After a pilot event in Belgrade in 2010, the first conference of this platform within the lifetime of the project took place in Rome (May, 2012) and was followed by two further events (Lyon, April 2013 and Stockholm, March 2014).
=942  \\$cBOO$2ddc
=952  \\$00$10$2ddc$40$6MTP_4_000000000000000_POLI$70$8MTP$919932$aORPH$bORPH$cKM12_1$d2021-02-25$l0$oMTP 4 POLI$p20135515$r2021-02-25 00:00:00$w2021-02-25$yBOO
=999  \\$c19849$d19849

