=LDR  01574aam a2200205   4500
=001  19851
=005  20250120120934.0
=008  150701s\\\\\\\\\\\\\\\\\\\\\\\\\\0\eng
=020  \\$a9782960137835
=041  \\$aeng
=100  \\$aBisschop Boele, Evert$4aut$918862
=245  \\$aInternal Quality Assurance in Higher Education
=260  \\$bPolifonia Working Group$c2007
=300  \\$a48 pages
=520  \\$aThis working gourp (WG) has focused on quality enhancement in relation to the role of research in higher music education (HME) institutions. It has paid particular attention to the kind of research described as artistic research. In doing so, it has examined the role of students as participants in this area, especially at Masters and Doctoral level, as well as considering how best to support the on-going professional development of conservatoire teachers as artistic researchers. The solid establishment of a European Platform for Artistic Research in Music has been one of its means of achieving this. After a pilot event in Belgrade in 2010, the first conference of this platform within the lifetime of the project took place in Rome (May, 2012) and was followed by two further events (Lyon, April 2013 and Stockholm, March 2014).
=610  \0$aAEC (Europe)$1http://www.wikidata.org/entity/Q9256366$926986
=650  \0$aMusic education$1http://www.wikidata.org/entity/Q27908$921766
=942  \\$cBOO
=952  \\$00$10$2ddc$40$6MTP_4_000000000000000_POLI$70$8MTP$919934$aORPH$bORPH$cKM12_1$d2021-02-25$l0$oMTP4 POLI$p20135517$r2021-02-25 00:00:00$w2021-02-25$yBOO
=999  \\$d19851

