=LDR  00563nam a22001457a 4500
=001  19855
=041  \\$ager
=100  \\$aGassner, Ferdinand Simon$d1798-1851$4aut$920862
=245  \\$aDirigent und Ripienist für angehende Musikdirigenten, Musiker und Musikfreunde
=250  \\$a1988 facsimile
=260  \\$aKarlsruhe$bCh.T. Groos$c1844
=300  \\$a160 pages
=942  \\$2ddc$cBOO
=952  \\$00$10$2ddc$40$6MTP_2_000000000000000_GASS$70$8MTP$919938$aORPH$bORPH$cKM12_1$d2021-03-01$eKoopman$i13A25$l0$oMTP 2 GASS$p20121973$r2021-03-01 00:00:00$w2021-03-01$yBOO
=999  \\$c19855$d19855

