=LDR  02093nam a22003737a 4500
=001  19857
=005  20250925143306.0
=008  250227s1985\\\\|||co|||\||||\00|\0\eng\d
=041  \\$aeng
=245  \\$aReprise.$bThe Extraordinary Revival of Early Music
=260  \\$aBoston, MA$aToronto$bLittle, Brown & Co$c1985
=300  \\$a227 pages$bportraits
=600  \0$aDolmetsch, Arnold$d1858-1940$1http://www.wikidata.org/entity/Q194638$910557
=600  \0$aGreenberg, Noah$d1919-1966$1http://www.wikidata.org/entity/Q11938891$911194
=600  \0$aBinkley, Thomas$d1931-1995$1http://www.wikidata.org/entity/Q771339$99147
=600  \0$aHarnoncourt, Nikolaus$d1929-2016$1http://www.wikidata.org/entity/Q78526$917150
=600  \0$aBrüggen, Frans$d1934-2014$1http://www.wikidata.org/entity/Q711810$917642
=600  \0$aLeonhardt, Gustav$d1928-2012$1http://www.wikidata.org/entity/Q51584$917151
=610  \0$aBoston Early Music Festival (USA)$1http://www.wikidata.org/entity/Q4095059$923227
=610  \0$aFestival Oude Muziek Utrecht (Netherlands)$1http://www.wikidata.org/entity/Q2659124$926541
=610  \0$aConcentus Musicus Wien (Vienna, Austria)$1http://www.wikidata.org/entity/Q372863$922243
=610  \0$aKuijken family$1http://www.wikidata.org/entity/Q21492322$922406
=648  \0$a20th Century (1901-2000)$1http://www.wikidata.org/entity/Q6927$920936
=650  \0$aEarly music$1http://www.wikidata.org/entity/Q436016$93160
=650  \0$aMusic history$1http://www.wikidata.org/entity/Q846047$921373
=650  \0$aSinging$1http://www.wikidata.org/entity/Q27939$92767
=650  \0$aAmateur$1http://www.wikidata.org/entity/Q455595$923222
=651  \0$aBoston (MA, USA)$1http://www.wikidata.org/entity/Q100$921588
=651  \0$aUtrecht (Netherlands)$1http://www.wikidata.org/entity/Q803$9141
=700  \\$aCohen, Joel$d1942-$4aut$920865
=700  \\$aSnitzer, Herb$920866$4pht
=942  \\$cBOO
=952  \\$00$10$2ddc$40$6MTP_2_000000000000000_COHE$70$8MTP$919940$aORPH$bORPH$cKM12_1$d2021-03-01$l1$oMTP2 COHE$p20130052$r2025-03-13 09:52:02$s2025-03-03$w2021-03-01$yBOO
=999  \\$d19857

