=LDR  01229cam a2200241 a 4500
=001  19861
=005  20250820130241.0
=008  211108r18301990nl\h||||\||||\00|\0\fre\d
=041  0\$aeng$hfre
=100  \\$aDrouet, Louis François Philippe$d1792-1873$4aut$1http://www.wikidata.org/entity/Q523907$920910
=245  14$aThe Method of Flute Playing.$bIntended for those who have already made some Progress on the Instrument
=260  \\$aBuren$bKnuf$c1990
=300  \\$axxi-113 pages$bill. $c34 cm.
=490  \\$aFlute Library$v17
=500  \\$a"Drouet's English method is not simply a translation from the French, but a complete reworking of the material"--P. xii.
=534  \\$a'Drouet's method of flute playing'$cLondon: Cocks, 1830
=650  \0$aMethod$1http://www.wikidata.org/entity/Q2250960$921402
=650  \0$aFlute$1http://www.wikidata.org/entity/Q11405$921276
=700  \\$4win$aRasch, Rudolf$d1945-$1http://www.wikidata.org/entity/Q112427566$913439
=700  \\$4win$aPreston, Stephen$eWriter of introduction$920911
=942  \\$cBOO
=952  \\$00$10$2ddc$40$6INS_6_000000000000000_2C_DROU$70$8INS$919945$aORPH$bORPH$cKTS0$d2021-03-08$eKoopman$i13E36$oINS6.2c DROU$p20124439$r2021-03-08 00:00:00$w2021-03-08$yBOO
=999  \\$d19861

