=LDR  01581nam a22002537a 4500
=001  19862
=008  210308r19821719be\|||||\||||\00|\0\ger\d
=041  \\$ager
=100  \\$aBeer, Johann$d1655-1700$4aut$1http://www.wikidata.org/entity/Q76444$99471
=245  \\$aMusikalische Discurse
=260  \\$aLeipzig$bVEB Deutscher Verlag für Musik$c1982
=300  \\$a[xii]-229 pages
=534  \\$cNürnberg: Monath, 1719$aWritten around 1690
=590  \\$aJohann Beerens, Weiland Hochfürstl. Sächsisch Weisenfelsischen Concert-Meisters und Cammer-Musici, Musicalische Discurse durch die Principia der Philosophie deducirt, und in gewisse Capitel eingetheilt, deren Innhalt nach der Vorrede zu finden. Nebst einem Anhang von eben diesem Autore, genannt der musicalische Krieg zwischen der Composition und der Harmonie
=648  \0$a17th Century (1601-1700)$1http://www.wikidata.org/entity/Q7016$920923
=648  \0$a18th Century (1701-1800)$1http://www.wikidata.org/entity/Q7015$920899
=650  \0$aMusic theory$1http://www.wikidata.org/entity/Q193544$92662
=650  \0$aMusic history$1http://www.wikidata.org/entity/Q846047$921373
=651  \0$aWeißenfels (Germany)$1http://www.wikidata.org/entity/Q14815$921604
=700  \\$4aft$aKrause-Graumnitz, Heinz$912165
=856  \\$uhttps://imslp.org/wiki/Musicalische_Discurse_(Beer%2C_Johann)$3International Music Score Library Project
=942  \\$cBOO
=952  \\$00$10$2ddc$40$6TRE_BEER$70$8TRE$919946$aORPH$bORPH$cKTS1_H$d2021-07-08$eKoopman$i14C33$l1$m1$oTRE BEER$p20126187$r2024-01-03 00:00:00$s2022-10-17$w2021-03-08$yBOO
=999  \\$d19862

