=LDR  00838cam a22002417i 4500
=001  19864
=005  20250109133208.0
=008  170406s2015\\\\nyu\\\\\\\\\\\000\0\eng\\
=020  \\$a9781484212288$q(pbk.)
=040  \\$aOI$beng$erda
=041  \\$aeng
=100  \\$aKemper, Chris$4aut$920925
=245  10$aBeginning Neo4j:$bCreate Relationships and Grow your Application with Neo4j
=264  \1$aNew York$bApress$c2015
=300  \\$axix, 153 pages ;$c25 cm
=336  \\$atext$btxt$2rdacontent
=337  \\$aunmediated$bn$2rdamedia
=338  \\$avolume$bnc$2rdacarrier
=500  \\$aMinimal Level Cataloging Plus.$5DLC
=650  \0$aDatabases.
=942  \\$cBOO
=952  \\$00$10$2ddc$40$6REF_2_000000000000000_KEMP$70$8REF$919949$aORPH$bORPH$cKM12_1$d2021-03-10$l0$oREF 2 KEMP$p20135559$r2021-03-10 00:00:00$w2021-03-10$yBOO
=999  \\$c19864$d19864

