=LDR  01443pam a2200289 a 4500
=001  19865
=005  20251103151032.0
=008  890308s1990\\\\paua\\\\\b\\\s001\0\eng\\
=020  \\$a027100679X :$c$34.50
=040  \\$aOI
=041  \\$aeng
=100  \\$aMaiorino, Giancarlo$d1943-$4aut$920926
=245  14$aThe Cornucopian Mind and the Baroque Unity of the Arts
=260  \\$aUniversity Park$bPennsylvania State University Press$c1990
=300  \\$ax, 210 p. :$bill. ;$c24 cm.
=504  \\$aIncludes bibliographical references (p. [187]-206) and index.
=648  \0$a16th Century (1501-1600)$1http://www.wikidata.org/entity/Q7017$920944
=648  \0$a17th Century (1601-1700)$1http://www.wikidata.org/entity/Q7016$920923
=650  \0$aCultural history$1http://www.wikidata.org/entity/Q858517$922395
=650  \0$aAesthetics$1http://www.wikidata.org/entity/Q35986$921494
=650  \0$aBaroque$1http://www.wikidata.org/entity/Q37853$921255
=856  \\$uhttp://www.loc.gov/catdir/enhancements/fy1309/89003894-b.html$3Contributor biographical information
=856  \\$uhttp://www.loc.gov/catdir/enhancements/fy1309/89003894-d.html$3Publisher description
=856  \\$uhttp://www.loc.gov/catdir/enhancements/fy1309/89003894-t.html$3Table of contents only
=942  \\$cBOO
=952  \\$00$10$2ddc$40$6HUM_MAIO$70$8HUM$919950$aORPH$bORPH$cKTS1_H$d2021-03-10$l1$m2$oHUM MAIO$p20135560$r2021-05-27 00:00:00$s2021-03-10$w2021-03-10$yBOO
=999  \\$d19865

