=LDR  00912cam a2200241 a 4500
=001  19866
=005  20250120120125.0
=008  070319s2007\\\\nyu\\\\\\b\\\\000\0\eng\\
=020  \\$a9780811217194 (cloth : acidfree paper)
=020  \\$a0811217191 (cloth : acidfree)
=040  \\$aOI
=041  \\$aeng
=100  \\$aFerlinghetti, Lawrence$4aut$920927
=245  10$aPoetry as Insurgent Art
=260  \\$aNew York$bNew Directions$c2007
=300  \\$a90 p. ;$c16 cm.
=500  \\$a"A New Directions Book."
=504  \\$aIncludes bibliographical references.
=856  \\$uhttp://www.loc.gov/catdir/toc/ecip0713/2007011396.html$3Table of contents only
=942  \\$cBOO
=952  \\$00$10$2ddc$40$6LIT_FERL_A$70$8LIT$919951$aORPH$bORPH$cKM12_2_H$d2021-03-09$g16.00$l1$oLIT FERL a$p20135561$r2021-06-22 00:00:00$s2021-03-10$w2021-03-10$yBOO
=999  \\$c19866$d19866
=650  \0$aPoetry$1http://www.wikidata.org/entity/Q482$93026

