=LDR  00860pam a2200217 a 4500
=001  19867
=005  20250305123013.0
=008  900412s1990\\\\maua\\\\\b\\\\001\0\eng\\
=020  \\$a0262140489
=040  \\$aOI
=041  \\$aeng
=100  1\$aNye, David E.,$d1946-$4aut
=245  10$aElectrifying America:$bSocial Meanings of a New Technology, 1880-1940
=260  \\$aCambridge, MA$bMIT Press$c1992
=300  \\$axv, 479 p. :$bill. ;$c24 cm.
=504  \\$aIncludes bibliographical references (p. [443]-467) and index.
=650  \0$aElectrification$1http://www.wikidata.org/entity/Q1076056$920928
=651  \0$aUSA$1http://www.wikidata.org/entity/Q30$943
=942  \\$cBOO
=952  \\$00$10$2ddc$40$6TOP_US_6_000000000000000$70$8TOP$919952$aORPH$bORPH$cKTS0$d2021-03-03$g45.00$l1$oTOP US 6$p20135562$r2021-03-15 00:00:00$s2021-03-10$w2021-03-10$yBOO
=999  \\$c19867$d19867

