=LDR  01267nam a22002537a 4500
=001  19869
=008  210310s1874\\\\be\\||||\||||\00|\0\fre\d
=041  \\$afre
=100  \\$aBonnassies, Jules$d1813-1880$4aut$1http://www.wikidata.org/entity/Q28927603$920930
=245  \\$aLa musique à la Comédie-française
=260  \\$aParis$bBaur$c1874
=300  \\$a[iv]-43 pages
=610  \0$aComédie-Française (Paris, France)$1http://www.wikidata.org/entity/Q61460498$920931
=648  \0$a17th Century (1601-1700)$1http://www.wikidata.org/entity/Q7016$920923
=648  \0$a18th Century (1701-1800)$1http://www.wikidata.org/entity/Q7015$920899
=650  \0$aMusic history$1http://www.wikidata.org/entity/Q846047$921373
=650  \0$aMusic theater$1http://www.wikidata.org/entity/Q96394452$92065
=650  \0$aBallet$1http://www.wikidata.org/entity/Q41425$94412
=650  \0$aPlay (theater)$1http://www.wikidata.org/entity/Q25379$921414
=650  \0$aInstitution$1http://www.wikidata.org/entity/Q178706$94241
=651  \0$aParis (France)$1http://www.wikidata.org/entity/Q90$9160
=942  \\$cBOO
=952  \\$00$10$2ddc$40$6TOP_FR_PAR_5_000000000000000$70$8TOP$919954$aORPH$bORPH$cKTS0$d2021-08-12$g24.00$oTOP FR.PAR 5$p20135565$r2021-03-10 00:00:00$w2021-03-10$yBOO
=999  \\$d19869

