=LDR  00809nam a22001817a 4500
=001  19870
=008  210310b\\\\\\\\be\|||||\||||\00|\0\eng\d
=041  \\$adut
=100  \\$aValkestijn, J.$4aut$920932
=245  \\$aDiabolus in musica
=260  \\$as.l.$bs.n.$cc. 1970
=300  \\$a58 pages, 20 pages of music examples$c28 cm
=500  \\$aUnpublished thesis in typescript, illustrated with pasted photographs
=561  \\$aHandwritten dedication to "Zijne Hoogwaardige Excellentie Mgr. Dr. J. A. C. van Dodewaard uit dankbaarheid. J. Valckestijn"
=650  \0$aMusic history$1http://www.wikidata.org/entity/Q846047$921373
=942  \\$cBOO
=952  \\$00$10$2ddc$40$6MTP_1_000000000000000_VALK$70$8MTP$919968$aORPH$bORPH$cKM12_1$d2021-03-15$g90.00$l0$oMTP1 VALK$p20135566$r2021-03-15 00:00:00$w2021-03-15$yBOO
=999  \\$d19870

