=LDR  00615nam a22001577a 4500
=001  19871
=008  210310b\\\\\\\\be\|||||\||||\00|\0\eng\d
=041  \\$aita
=100  \\$aDragosits, Anne Marie$4aut$917597
=245  \\$aGiovanni Girolamo Kapsperger:$b"Ein ziemlich extravaganter Mann"
=260  \\$aLucca$bLIM$c2020
=300  \\$a498 p.
=600  \0$aKapsperger, Giovanni Girolamo$d1580-1651$1http://www.wikidata.org/entity/Q707863$920933
=942  \\$cBOO
=952  \\$00$10$2ddc$40$6BIO_KAPS_D$70$8BIO$919955$aORPH$bORPH$cKTS1_P$d2021-02-01$g42.00$l0$oBIO KAPS d$p20135567$r2021-03-10 00:00:00$w2021-03-10$yBOO
=999  \\$c19871$d19871

