=LDR  01194aam a2200205   4500
=001  19873
=005  20250708115056.0
=008  120628s2012\\\\\\\\\\\\\\\\\\\\\\0\eng
=020  \\$a9780978833756
=041  \\$aeng
=100  \\$4edt$aZorn, John$d1953-$915966
=245  \\$aArcana VI: Musicians on Music
=260  \\$aNew York$bHips Road$c2012
=300  \\$a305 pages
=490  \\$aArcana
=520  \\$aAnswering a need for critical attention towards experimental and avant-garde music, Arcana is a ground-breaking work --as far-ranging and dynamic as the current generation of musicians. Through manifestoes, scores, interviews, notes and critical papers, performer/composers address composing, playing, improvising, teaching, and thinking in and through music, Rather than an attempt to distill or define musicans' work, Arcana is a remarkable book--challenging and original--essential for composers, musicians, theorists and fans alike.
=942  \\$cBOO
=952  \\$00$10$2ddc$40$6TRE_ZORN$70$8TRE$919957$aORPH$bORPH$cKTS1_H$d2021-03-03$g27.00$l0$oTRE ZORN$p20135569$r2021-03-10 00:00:00$w2021-03-10$yBOO
=999  \\$c19873$d19873
=650  \0$aMusic criticism$1http://www.wikidata.org/entity/Q11748889$921598

