=LDR  01499cam a2200289 a 4500
=001  19876
=005  20250120115923.0
=008  070530s2007\\\\inuacg\\\b\\\s001\0beng\\
=015  \\$aGBA730304$2bnb
=016  7\$a013730271$2Uk
=020  \\$a9780253348944 (alk. paper)
=020  \\$a0253348943 (alk. paper)
=040  \\$aOI
=041  \\$aeng
=100  1\$aBroyles, Michael,$d1939-$4aut
=245  10$aLeo Ornstein:$bModernist Dilemmas, Personal Choices
=260  \\$aBloomington$bIndiana University Press$c2007
=300  \\$axvi, 392 p. , [2] p. of plates :$bill. (some col.), ports., music ;$c25 cm.
=504  \\$aIncludes list of Ornstein's works (p. 297-318), bibliographical references (p. [365]-373), and index.
=505  0\$aIntroduction : Virtuoso on the fringe -- Jacob Titiev's story -- From institute to bandbox -- Circles and triangles and networks and nets -- The bandbox and after -- Identity -- The turning point -- The Philadelphia years -- Return from oblivion -- Modernist dilemmas, personal choices.
=600  \0$aOrnstein, Leo$d1892-2002$1http://www.wikidata.org/entity/Q1558656$918396
=700  1\$aVon Glahn, Denise,$d1950-
=856  \\$uhttp://www.loc.gov/catdir/toc/ecip0719/2007022611.html$3Table of contents only
=942  \\$cBOO
=952  \\$00$10$2ddc$40$6BIO_ORNS1_D$70$8BIO$919960$aORPH$bORPH$cKTS1_P$d2021-03-10$g20.00$oBIO ORNS1 d$p20135572$r2021-03-10 00:00:00$w2021-03-10$yBOO
=999  \\$c19876$d19876
=650  \0$aBiography$1http://www.wikidata.org/entity/Q36279$91927

