=LDR  01095pam a2200289 a 4500
=001  19877
=005  20250925143306.0
=008  841009s1985\\\\nyua\\\\\b\\\\001\0\eng\\
=020  \\$a0060154349
=020  \\$a0060912545 (pbk.)
=040  \\$aOI
=041  \\$aeng
=100  1\$aLynes, Russell,$d1910-1991$4aut
=245  14$aThe Lively Audience:$bA Social History of the Visual and Performing Arts in America, 1890-1950
=250  \\$a1st ed.
=260  \\$aNew York$bHarper & Row$c1985
=300  \\$ax, 489 p. :$bill. ;$c25 cm.
=440  \4$aThe New American Nation series
=500  \\$aIncludes index.
=504  \\$aBibliography: p. [463]-472.
=648  \0$a19th Century (1801-1900)$1http://www.wikidata.org/entity/Q6955$920935
=648  \0$a20th Century (1901-2000)$1http://www.wikidata.org/entity/Q6927$920936
=651  \0$aUSA$1http://www.wikidata.org/entity/Q30$943
=653  \\$asociology
=942  \\$cBOO
=952  \\$00$10$2ddc$40$6TOP_US_6_000000000000000$70$8TOP$919961$aORPH$bORPH$cKTS0$d2021-03-10$g7.00$l0$oTOP US 6$p20135573$r2021-03-10 00:00:00$w2021-03-10$yBOO
=999  \\$c19877$d19877

