=LDR  01047nam a22002417a 4500
=001  19878
=008  210311r19741656be\|||||\||||\00|\0\mul\d
=041  \\$alat$aeng
=100  \\$4edt$aVandewiele, Leo Jules$d1910-2004$920938
=245  \\$aPharmacopœa Ultratrajectina 1656
=246  \1$aPharmacopoea Ultratrajectina 1656
=260  \\$aGhent$bChristian De Backer$c1974
=300  \\$a138 pages
=490  \\$aOpera Pharmaceutica Rariora$v10
=561  \\$aHandwritten dedication by the publisher to Ton Koopman
=590  \\$aFacsimile, with an introduction by Dr. D.A. Wittop Koning
=648  \0$1http://www.wikidata.org/entity/Q7016$a17th Century (1601-1700)$920923
=650  \0$1http://www.wikidata.org/entity/Q128406$aPharmacology$923962
=651  \0$1http://www.wikidata.org/entity/Q803$aUtrecht (Netherlands)$9141
=700  \\$4edt$aWittop Koning, D. A.$915557
=942  \\$cBOO
=952  \\$00$10$2ddc$40$6SCI_VAND$70$8SCI$919962$aORPH$bORPH$cKM12_1$d2021-03-11$eKoopman$i22F33$l0$oSCI VAND$p20135574$r2021-03-11 00:00:00$w2021-03-11$yBOO
=999  \\$d19878

