=LDR  01558cam a2200253u  4500
=001  19880
=005  20230123111254.0
=008  840319s1536\\\\fr\a\\\\\\\\\\000\0\lat\\
=041  \\$alat
=051  \\$aMicrofilm Music 5000 Item L-105, Reel 114$cMicrofilm. Washington, D.C. : Library of Congress, [1983]. 1 microfilm reel ; 35 mm. On reel with other titles.
=100  \\$aLuscinius, Ottmar$d1487-1537$4aut$920940
=245  10$aMusurgia seu praxis musicæ
=300  \\$a55 pages
=500  \\$aBased upon Sebastian Virdung's "Musica getutscht," Basel, 1511. The illus. are reproductions of those in Virdung's work, and include a motet, p. 40-43, which appears in mensural notation and also in tablature for the clavichord and for the lute. Pages 58-59 contain tables showing the tablature for bass, tenor and discant flute.
=533  \\$aFacsimile$cEarly Music Facsimiles, Ann Arbor, Michigan
=534  \\$cArgentorati (Strasbourg) Ioannem Schottum, 1536
=590  \\$aIllius primo quæ Instrumentis agitur certa ratio, ab Ottomaro Luscinio Argentino duobus libris absoluta. Eiusdem Ottomari Luscinij, de concentus polyphoni, id est, ex plurifarijs uocibus compositi, canonibus, libri totidem
=650  \0$aMusic theory
=650  \0$aMusical instruments
=650  \0$aTablature (Music)
=856  41$dmuspre1800$f100372$uhttp://hdl.loc.gov/loc.music/muspre1800.100372
=942  \\$cBOO
=952  \\$00$10$2ddc$40$6TRE_LUSC$70$8TRE$919964$aORPH$bORPH$cKTS1_H$d2021-03-11$eKoopman$i13G63$l0$oTRE LUSC$p20127108$r2021-03-11 00:00:00$w2021-03-11$yBOO
=999  \\$c19880$d19880

