=LDR  01072cam a2200265 u 4500
=001  19885
=005  20250120120206.0
=008  110510r20041606gw\a\\\\\\\\\\000\0\lat\\
=020  \\$a9783890073934
=041  \\$alat$ager$aeng
=100  \\$aBurmeister, Joachim$d1564-1629$4aut$1http://www.wikidata.org/entity/Q359148$918188
=245  10$aMusica poetica
=260  \\$aLaaber$bLaaber-Verlag$c2004
=300  \\$a162 pages
=490  0\$aLaaber-Reprint$v7
=534  \\$aOriginally published in 1606
=648  \0$a17th Century (1601-1700)$1http://www.wikidata.org/entity/Q7016$920923
=650  \0$aMusic theory$1http://www.wikidata.org/entity/Q193544$92662
=650  \0$aRhetoric$1http://www.wikidata.org/entity/Q81009$93894
=651  \0$aGermany$1http://www.wikidata.org/entity/Q183$9155
=700  \\$aBayreuther, Rainer$4edt$920976
=700  \\$aKallenberger, Philipp$4trl$926926
=942  \\$cBOO
=952  \\$00$10$2ddc$40$6TRE_BURM$70$8TRE$919969$aORPH$bORPH$cKTS1_H$d2021-03-17$eKoopman$l1$m1$oTRE BURM$p20124983$r2024-01-03 00:00:00$s2022-10-17$w2021-03-17$yBOO
=999  \\$d19885

