=LDR  00859cam a2200217u  4500
=001  19887
=005  20250925143306.0
=008  840418s1947\\\\ne\ag\\\\\\\\\000\0\dut\\
=040  \\$aOI
=041  \\$adut
=100  1\$aGilbert, Will G.$4aut
=245  10$aRumbamuziek:$cvolksmuziek van de Midden-Amerikaansche Negers
=260  \\$aThe Hague$bKruseman$c[1947?]
=300  \\$a119 p.$billus., music.$c16 cm.
=648  \0$a20th Century (1901-2000)$1http://www.wikidata.org/entity/Q6927$920936
=650  \0$aJazz$1http://www.wikidata.org/entity/Q8341$92756
=650  \0$aPopular music$1http://www.wikidata.org/entity/Q373342$922015
=830  \0$aDe Muziek,$v19. [from old catalog]
=942  \\$cBOO
=952  \\$00$10$2ddc$40$6GEN_17_000000000000000$70$8GEN$919971$aORPH$bORPH$cKM12_1$d2021-03-18$l0$oGEN 17$p20135387$r2021-03-18 00:00:00$w2021-03-18$yBOO
=999  \\$c19887$d19887

