=LDR  00952cam a2200229u  4500
=001  19889
=005  20250109133342.0
=008  850624r19701593it\\\\\\\\\\\\000\0\ita\\
=040  \\$aOI
=041  \\$aita
=100  \\$aBottrigari, Ercole$d1531-1612$4aut$1http://www.wikidata.org/entity/Q4095200$921001
=245  \\$aIl patricio, overo de' tetracordi armonici
=260  \\$aBologna$bForni Editore Bologna$c1970
=300  \\$a47 pages
=490  \\$aBibliotheca Musica Bononiensis$vSezione II, N. 27
=600  \0$aPatrizi, Francesco$d1529-1597$tDella poetica$921002
=650  \0$aMusic history$1http://www.wikidata.org/entity/Q846047$921373
=700  \\$4edt$aVecchi, Guiseppe$917923
=856  41$dmuspre1800$f101511$uhttp://hdl.loc.gov/loc.music/muspre1800.101511
=942  \\$cBOO
=952  \\$00$10$2ddc$40$6TRE_BOTT$70$8TRE$919973$aORPH$bORPH$cKTS1_H$d2021-03-19$eKoopman$i14D11$l0$oTRE BOTT$p20124681$r2021-03-19 00:00:00$w2021-03-19$yBOO
=999  \\$c19889$d19889

