=LDR  00772cam a2200193u  4500
=001  19891
=005  20250120120039.0
=008  820804r19691594\\\ag\\\\\\\\\000\0\ita\\
=041  \\$aita
=100  \\$aBottrigari, Ercole$d1531-1612$4aut$1http://www.wikidata.org/entity/Q4095200$921001
=245  \\$aIl melone e il melone secondo
=260  \\$aBologna$bForni Editore Bologna$c1969
=300  \\$a45 + 39 pages
=490  \\$aBibliotheca Musica Bononiensis$vSezione II, N. 29
=700  \\$aVecchi, Guiseppe$4edt$917923
=942  \\$cBOO
=952  \\$00$10$2ddc$40$6TRE_BOTT$70$8TRE$919975$aORPH$bORPH$cKTS1_H$d2021-03-19$eKoopman$i14D33$l0$oTRE BOTT$p20124658$r2021-03-19 00:00:00$w2021-03-19$yBOO
=999  \\$c19891$d19891
=650  \0$aMusic theory$1http://www.wikidata.org/entity/Q193544$92662

