=LDR  00819nam a22002055a 4500
=001  19893
=005  20250120120343.0
=008  100921s2009\\\\fr\\\\\\\\\\\\000\0\fre\\
=020  \\$a9782878254495
=040  \\$aOI
=041  \\$afre
=100  \\$aBernier, Nicolas$d1665-1734$4aut$1http://www.wikidata.org/entity/Q428547$95844
=245  10$aPrincipes de composition: fac-similé du manuscrit Rés. Vmb. ms. 2 de la bibliothèque nationale de France
=260  \\$aLangres$bD. Guéniot$c2009
=300  \\$a111 pages
=700  \\$4aui$aMontagnier, Jean-Paul$912822
=942  \\$cBOO
=952  \\$00$10$2ddc$40$6TRE_BERN$70$8TRE$919977$aORPH$bORPH$cKTS1_H$d2021-03-19$eKoopman$i13I52$l0$oTRE BERN$p20126413$r2021-03-19 00:00:00$w2021-03-19$yBOO
=999  \\$c19893$d19893
=650  \0$aComposing$1http://www.wikidata.org/entity/Q92186587$93076

