=LDR  01083cam a22002531  4500
=001  19897
=005  20251001162314.0
=008  860220r19721689it\\\\\\\\\\\\000\0\ita\\
=010  \\$a   07007018 
=041  \\$aita
=100  \\$aBerardi, Angelo$d1636-1694$4aut$1http://www.wikidata.org/entity/Q535629$921050
=245  10$aMiscellanea musicale
=260  \\$aBologna$bForni$c1972
=300  \\$a210 pages
=490  \\$aBibliotheca musica Bononiensis$vSezione II N. 40b
=534  \\$aOriginally published in 1589
=648  \0$a17th Century (1601-1700)$1http://www.wikidata.org/entity/Q7016$920923
=650  \0$aMusic theory$1http://www.wikidata.org/entity/Q193544$92662
=650  \0$aMusical style$1http://www.wikidata.org/entity/Q11921029$92421
=650  \0$aMusic philosophy and aesthetics$1http://www.wikidata.org/entity/Q2092865$921165
=651  \0$aItaly$1http://www.wikidata.org/entity/Q38$922
=942  \\$cBOO
=952  \\$00$10$2ddc$40$6TRE_BERA$70$8TRE$919981$aORPH$bORPH$cKTS1_H$d2021-03-24$eKoopman$i14D17$l0$oTRE BERA$p20124675$r2021-03-24 00:00:00$w2021-03-24$yBOO
=999  \\$d19897

