=LDR  00584nam a22001577a 4500
=001  19900
=008  210326r19791622\\\|||||\||||\00|\0\fre\d
=041  \\$afre
=100  \\$4aut$aBist, Martin vander$921066
=245  \\$aTraicté de musique
=300  \\$a115 pages
=490  \\$aThesaurus musicus novus series$vSérie A : manuscrits
=942  \\$cBOO
=952  \\$00$10$2ddc$40$6TRE_BIST$70$8TRE$919984$aORPH$bORPH$cKTS1_H$d2021-03-26$eKoopman$i13F63$l0$oTRE BIST$p20124335$r2021-03-26 00:00:00$w2021-03-26$yBOO
=999  \\$c19900$d19900
=650  \0$aMusic theory$1http://www.wikidata.org/entity/Q193544$92662

