=LDR  00773nam a22001937a 4500
=001  19904
=008  210326r20111730\\\|||||\||||\00|\0\lat\d
=024  \\$a9790502220181
=041  \\$alat$ager
=100  \\$4aut$aAufschnaiter, Benedikt Anton$d1665-1742$1http://www.wikidata.org/entity/Q322878$921071
=245  \\$aRegulae Compositionis Fundamentalis Musurgiae
=260  \\$aStuttgart$bCornetto$c2011
=300  \\$aCLXVII pages
=490  \\$aFaksimile-Edition Theoretica$v5
=700  \\$4cmm$aEberhardt, Markus$916537
=942  \\$cBOO
=952  \\$00$10$2ddc$40$6TRE_AUFS$70$8TRE$919988$aORPH$bORPH$cKTS1_H$d2021-03-26$eKoopman$i14E60$l0$oTRE AUFS$p20124716$r2021-03-26 00:00:00$w2021-03-26$yBOO
=999  \\$c19904$d19904
=650  \0$aComposing$1http://www.wikidata.org/entity/Q92186587$93076

