=LDR  00711nam a22001697a 4500
=001  19905
=008  210326r19681600\\\|||||\||||\00|\0\ita\d
=041  \\$aita
=100  \\$4aut$aArtusi, Giovanni Maria$d1540?-1613$1http://www.wikidata.org/entity/Q725724$921072
=245  \\$aL'Artusi overo delle imperfettioni della moderna musica
=300  \\$a54-15
=490  \\$aBibliotheca musica Bononiensis$vSezione II N. 36
=700  \\$4edt$aVecchi, Guiseppe$917923
=942  \\$cBOO
=952  \\$00$10$2ddc$40$6TRE_ARTU$70$8TRE$919989$aORPH$bORPH$cKTS1_H$d2021-03-26$eKoopman$i14F61$l0$oTRE ARTU$p20124814$r2021-03-26 00:00:00$w2021-03-26$yBOO
=999  \\$c19905$d19905
=650  \0$aMusic theory$1http://www.wikidata.org/entity/Q193544$92662

