=LDR  01334nam a22003017a 4500
=001  19906
=005  20250121142132.0
=008  850131s1984\\\\ne\\\\\\\\\\\\000\0\dut\\
=020  \\$a907059109X
=040  \\$aOI
=041  \\$adut
=100  \\$4aut$aEffen, Justus van$d1684-1735$1http://www.wikidata.org/entity/Q2574405$98518
=245  13$aDe Hollandsche spectator
=260  \\$aDeventer$bSub Rosa$c1984
=300  \\$axix-245 pages
=490  \\$aFELL$v3
=500  \\$aA moral weekly containing, among others, descriptions of life at the Stadsschouwburg in 1732.
=610  \0$aStadsschouwburg Amsterdam (Netherlands)$1http://www.wikidata.org/entity/Q1817103$921020
=648  \0$a18th Century (1701-1800)$1http://www.wikidata.org/entity/Q7015$920899
=650  \0$aPeriodical$1http://www.wikidata.org/entity/Q1002697$921106
=650  \0$aTheater criticism$1http://www.wikidata.org/entity/Q2416230$921632
=650  \0$aCuckoo$1http://www.wikidata.org/entity/Q18845$922474
=650  \0$aSatire$1http://www.wikidata.org/entity/Q128758$921636
=651  \0$aNetherlands$1http://www.wikidata.org/entity/Q55$9173
=700  1\$aBuijnsters, P. J.$4edt
=942  \\$cBOO
=952  \\$00$10$2ddc$40$6TRE_EFFE$70$8TRE$919990$aORPH$bORPH$cKTS1_H$d2021-03-30$eKoopman$i13A17$l0$oTRE EFFE$p20126050$r2021-03-30 00:00:00$w2021-03-30$yBOO
=999  \\$d19906

