=LDR  00750cam a22001691  4500
=001  19907
=005  20250120120410.0
=008  840926r19761738gw\a\\\\\\\\\\000\0\ger\\
=100  \\$aEisel, Johann Philipp$d1698-1763$4aut$96848
=245  14$aMusicus autodidactos oder Der sich selbst informierende musicus
=260  \\$aLeipzig$bZentralantiquariat der DDR$c1976
=300  \\$a108 pages
=500  \\$aFotomechanischer Neudruck der Originalausgave 1738 nach dem Exemplar der Musikbibliothek Leipzig
=942  \\$cBOO
=952  \\$00$10$2ddc$40$6TRE_EISE$70$8TRE$919991$aORPH$bORPH$cKTS1_H$d2021-03-30$eKoopman$i13A31$l0$oTRE EISE$p20121967$r2021-03-30 00:00:00$w2021-03-30$yBOO
=999  \\$c19907$d19907
=650  \0$aMusic theory$1http://www.wikidata.org/entity/Q193544$92662

