=LDR  00807cam a2200193 i 4500
=001  19908
=005  20250527122424.0
=008  800709r19781677it\ag\\\\\\\\\000\0\ita\\
=040  \\$aOI
=100  \\$aBismantova, Bartolomeo$4aut$921108
=245  10$aCompendio musicale
=260  \\$aFlorence$bStudio per edizioni Scelte$c1978
=300  \\$a123 pages
=500  \\$aPhotoreproduction of the holograph in the Biblioteca municipale di Reggio Emilia
=600  10$aBismantova, Bartolomeo$xManuscripts$xFacsimiles
=650  \0$aInstrumental music$xInstruction and study$xEarly works to 1800$1http://www.wikidata.org/entity/Q639197$92106
=942  \\$cBOO
=952  \\$00$10$2ddc$40$6TRE_BISM$70$8TRE$919992$aORPH$bORPH$cKTS1_H$d2021-03-30$eKoopman$i14D14$l0$oTRE BISM$p20124678$r2021-03-30 00:00:00$w2021-03-30$yBOO
=999  \\$d19908

