=LDR  01174cam a2200289 i 4500
=001  19910
=005  20250120120101.0
=008  800123s1980\\\\cau\\\\\\b\\\\001\0\eng\\
=020  \\$a0520041216 :$c$30.00
=020  \\$a0520041755 (pbk.)
=040  \\$aOI
=041  \\$aeng
=100  \\$aHeld, David$4aut$921122
=245  10$aIntroduction to Critical Theory:$bHorkheimer to Habermas
=260  \\$aBerkeley:$bUniversity of California Press$c1980
=300  \\$a511 p. ;$c23 cm.
=500  \\$aIncludes index.
=504  \\$aBibliography: p. [483]-499.
=600  \0$aHabermas, Jürgen$d1929-$1http://www.wikidata.org/entity/Q76357$917134
=600  10$aHorkheimer, Max,$d1895-1973.
=650  \0$aPhilosophy$1http://www.wikidata.org/entity/Q5891$92357
=650  \0$aPhilosophy$1http://www.wikidata.org/entity/Q5891$92357
=650  \0$aPhilosophy$1http://www.wikidata.org/entity/Q5891$92357
=856  \\$uhttp://www.loc.gov/catdir/enhancements/fy0745/80010535-d.html$3Publisher description
=942  \\$cBOO
=952  \\$00$10$2ddc$40$6PHI_HELD_A$70$8PHI$919995$aORPH$bORPH$cKM12_3_2$d2021-03-31$g34.00$oPHI HELD a$p20135725$r2021-03-31 00:00:00$w2021-03-31$yBOO
=999  \\$c19910$d19910

