=LDR  00708nam a22001937a 4500
=001  19911
=008  210331s2021\\\\\\\|||||\||||\00|\0\eng\d
=020  \\$a9780199367313
=041  \\$aeng
=245  \\$aThe Oxford Handbook of Western Music and Philosophy
=260  \\$aNew York$bOxford University Press$c2021
=300  \\$a1134 pages
=700  \\$4edt$aMcAuley, Tomás$921123
=700  \\$4edt$aNielsen, Nanette$921124
=700  \\$4edt$aLevinson, Jerrold$918902
=942  \\$cBOO
=952  \\$00$10$2ddc$40$6AES_MCAU$70$8AES$919996$aORPH$bORPH$cKM12_1$d2021-03-19$g156.00$l0$oAES MCAU$p20135726$r2021-03-31 00:00:00$w2021-03-31$yBOO
=999  \\$c19911$d19911
=650  \0$aPhilosophy$1http://www.wikidata.org/entity/Q5891$92357

