=LDR  01178ntm a22002057a 4500
=001  19914
=008  210401b\\\\\\\\\\\|||||\||||\00|\f\dut\d
=041  \\$adut
=100  \\$4aut$aKempen, Carel Joseph van$96401
=245  \\$aRidder Kuno van Felsenstein$been geschiedkundige roman uit de tijden der kruistogten
=260  \\$aKampen$b1855 [?]
=300  \\$a239 pages
=500  \\$aThe knight Kuno inhabited the disappeared Cranendonck castle in Soerendonk (North Brabant)
=501  \\$aBound in with 'Otto van Alphen, een ridder roman uit de 12e eeuw', 'Graaf Philip van Katzenellenbogen, een geschiedkundige roman uit de vijftiende eeuw', 'Hubert Bergman,  een oorspronkelijke novelle uit het begin dezer eeuw', 'Het Kasteel Bergstein, of de wettige erfgenaam. Een novelle'
=650  \0$aNovel$1http://www.wikidata.org/entity/Q8261$921629
=651  \0$aNetherlands$1http://www.wikidata.org/entity/Q55$9173
=773  \\$01927$tCollection of novels by C.J. van Kempen$w1927
=942  \\$cMS
=952  \\$00$10$2ddc$40$6KTS_1_000000000000000_C3_23_08D16A$70$8RAR$919999$aORPH$bORPH$cKTS1_C3$d2021-04-01$eKoopman$l0$oKTS1 C3.23 08D16a$p20136206a$r2021-04-01 00:00:00$w2021-04-01$yMS
=999  \\$d19914

