=LDR  01145ntm a22002057a 4500
=001  19917
=008  210401b\\\\\\\\\\\|||||\||||\00|\f\dut\d
=041  \\$adut
=100  \\$4aut$aKempen, Carel Joseph van$96401
=245  \\$aHubert Bergman$been oorspronkelijke novelle uit het begin dezer eeuw
=260  \\$c1861
=300  \\$a73 pages
=501  \\$aBound in with 'Ridder Kuno van Felsenstein: een geschiedkundige roman uit de tijden der kruistogten', 'Otto van Alphen, een ridder roman uit de 12e eeuw', 'Graaf Philip van Katzenellenbogen, een geschiedkundige roman uit de vijftiende eeuw', 'Het Kasteel Bergstein, of de wettige erfgenaam. Een novelle'

=648  \0$a19th Century (1801-1900)$1http://www.wikidata.org/entity/Q6955$920935
=650  \0$aNovel$1http://www.wikidata.org/entity/Q8261$921629
=651  \0$aNetherlands$1http://www.wikidata.org/entity/Q55$9173
=773  \\$01927$tCollection of novels by C.J. van Kempen$w1927 
=942  \\$cMS
=952  \\$00$10$2ddc$40$6KTS_1_000000000000000_C3_23_08D16D$70$8RAR$920002$aORPH$bORPH$cKTS1_C3$d2021-04-01$eKoopman$l0$oKTS1 C3.23 08D16d$p20136206d$r2021-04-01 00:00:00$w2021-04-01$yMS
=999  \\$d19917

