=LDR  00847ntm a22001697a 4500
=001  19921
=008  210402b\\\\\\\\\\\|||||\||||\00|\0\dut\d
=245  \\$a[Collection of Dutch letters, poems, notes]
=300  \\$a3 vols. (54+44+65 pages)
=505  \\$gLetters and notes to/from dhr. Ahlers -- Various poems and lyrics -- Schoonhoven en Hilversum by Schunke, H. A.
=563  \\$aCollection kept in a firm box
=648  \0$a19th Century (1801-1900)$1http://www.wikidata.org/entity/Q6955$920935
=650  \0$aPlay (theater)$y19th century.$1http://www.wikidata.org/entity/Q25379$921414
=650  \0$aNovel$1http://www.wikidata.org/entity/Q8261$921629
=942  \\$cMS
=952  \\$00$10$2ddc$40$6KTS_1_000000000000000_C3_36_08F13$70$8RAR$920006$aORPH$bORPH$cKTS1_C3$d2021-04-02$eKoopman$l0$oKTS1 C3.36 08F13$p20136207$r2021-04-02 00:00:00$w2021-04-02$yMS
=999  \\$d19921

