=LDR  00799cam a22002051  4500
=001  19925
=005  20250120120333.0
=008  840319r\\\\1650ne\a\\\\\\\\\\000\0\lat\\
=041  \\$alat
=100  \\$aDescartes, René$d1596-1650$4aut$1http://www.wikidata.org/entity/Q9191$95525
=245  10$aMusicæ compendium
=246  \1$aMusicae compendium
=260  \\$aStrasbourg$bHeitz$cs.d.
=300  \\$a58 pages
=500  \\$aFacsimile reprint of the original 1650 ed.
=648  \0$a17th Century (1601-1700)$1http://www.wikidata.org/entity/Q7016$920923
=650  \0$aMusic theory$1http://www.wikidata.org/entity/Q193544$92662
=942  \\$cBOO
=952  \\$00$10$2ddc$40$6TRE_DESC$70$8TRE$920010$aORPH$bORPH$cKTS1_H$d2021-04-02$eKoopman$i13A36$l0$oTRE DESC$p20121962$r2021-04-02 00:00:00$w2021-04-02$yBOO
=999  \\$d19925

