=LDR  00764cam a22002171i 4500
=001  19927
=005  20250109133312.0
=008  751124r19751607ne\g\\\\\\\\\\000\0\lat\\
=010  \\$a   76519153 
=041  1\$alat
=100  \\$aDemantius, Christoph$d1567-1643$4aut$1http://www.wikidata.org/entity/Q497554$921150
=245  10$aIsagoge artis musicae
=260  \\$aBuren$bF. Knuf$c1975
=300  \\$a85 pages
=490  \\$aDictionarium musicum$viii
=500  \\$aReprint of the 1607 ed. published by V. Furmann, Nuremberg.
=650  \0$aSight-singing
=650  \0$aMusic theory
=942  \\$cBOO
=952  \\$00$10$2ddc$40$6TRE_DEMA$70$8TRE$920012$aORPH$bORPH$cKTS1_H$d2021-04-02$eKoopman$i13A34$l0$oTRE DEMA$p20121964$r2021-04-02 00:00:00$w2021-04-02$yBOO
=999  \\$c19927$d19927

