=LDR  00760cam a22002171  4500
=001  19931
=005  20230123111902.0
=008  750801r19691601it\gh\\\\\\\\\000\0\ita\\
=010  \\$a   70513316 
=041  \\$aita
=100  \\$aCerreto, Scipione$d1551-1633$4aut$921157
=245  10$aDella prattica musica vocale, et strumentale
=260  \\$aBologna$bForni$c1969
=300  \\$a335 pages
=490  \\$aBibliotheca musica Bononiensis$vSezione II N. 30
=500  \\$aReproduction of the Naples, 1601 ed.
=650  \0$aMusic theory
=700  \\$4edt$aVecchi, Guiseppe$917923
=942  \\$cBOO
=952  \\$00$10$2ddc$40$6TRE_CERR$70$8TRE$920016$aORPH$bORPH$cKTS1_H$d2021-04-02$eKoopman$i13A41$l0$oTRE CERR$p20121957$r2021-04-02 00:00:00$w2021-04-02$yBOO
=999  \\$c19931$d19931

