=LDR  00808cam a22002051  4500
=001  19932
=005  20250120120120.0
=008  740401r19721658sz\g\\\\\\\\\\000\0\fre\\
=020  \\$a2826603205
=041  \\$afre
=100  \\$aCousu, Antoine Du$dc. 1650-1658$4aut$921159
=245  13$aLa musique universelle contenant toute la pratique et toute la théorie
=260  \\$aGenève$bMinkoff Reprint$c1972
=300  \\$a208 pages
=648  \0$a17th Century (1601-1700)$1http://www.wikidata.org/entity/Q7016$920923
=650  \0$aMusic theory
=700  \\$4win$aLesure, François$1http://www.wikidata.org/entity/Q2426092$917727
=942  \\$cBOO
=952  \\$00$10$2ddc$40$6TRE_COUS$70$8TRE$920018$aORPH$bORPH$cKTS1_H$d2021-04-06$eKoopman$i13F27$l0$oTRE COUS$p20124371$r2021-04-06 00:00:00$w2021-04-06$yBOO
=999  \\$c19932$d19932

