=LDR  00786nam a2200193 a 4500
=001  19941
=005  20250120115916.0
=008  930303r19721706sz\\\\\||\\\\||||\||fre||
=020  \\$a2826603574
=041  \\$afre
=100  \\$aLe Cerf de la Viéville, Jean-Philippe$d1677-1748$4aut$1http://www.wikidata.org/entity/Q3168820$98494
=245  10$aComparaison de la musique italienne et de la musique française
=260  \\$aGenève$bMinkoff$c1972
=300  \\$a214 pages
=500  \\$aRéimpr. anastatique: Bruxelles: Foppens, 1705-1706
=942  \\$cBOO
=952  \\$00$10$2ddc$40$6TRE_LECE$70$8TRE$920028$aORPH$bORPH$cKTS1_H$d2021-04-10$eKoopman$l0$oTRE LECE$p20124372$r2021-04-10 00:00:00$w2021-04-10$yBOO
=999  \\$c19941$d19941
=650  \0$aMusic history$1http://www.wikidata.org/entity/Q846047$921373

