=LDR  00659nam a22001817a 4500
=001  19945
=008  210413r20141607\\\|||||\||||\00|\0\ita\d
=020  \\$a9790502221652
=041  \\$aita
=100  \\$4aut$aConforti, G. B.$910286
=245  \\$aPassagi sopra tutti li salmi che ordinariamente canta Santa Chiesa
=260  \\$aStuttgart$bCornetto$c2014
=300  \\$a55 pages
=490  \\$aCornetto Faksimiles
=942  \\$cBOO
=952  \\$00$10$2ddc$40$6TRE_CONF$70$8TRE$920033$aORPH$bORPH$cKTS1_H$d2021-04-13$eKoopman$i14J04$l0$oTRE CONF$p20124851$r2021-04-13 00:00:00$w2021-04-13$yBOO
=999  \\$c19945$d19945
=650  \0$aPsalm$1http://www.wikidata.org/entity/Q12497663$92164

