=LDR  00648cam a22001931  4500
=001  19946
=005  20230123111908.0
=008  840718r19711512gw\\\\\\\\\\\\000\0\lat\\
=020  \\$a348704188X
=041  \\$alat
=100  \\$aCochlaeus, Johannes$d1479-1552$4aut$921205
=245  10$aTetrachordum musices
=260  \\$aHildesheim$bG. Olms$c1971
=300  \\$a64 pages
=500  \\$aReprografischer Nachdruck der Ausgabe Nürnberg, 1512.
=650  \0$aMusic theory
=942  \\$cBOO
=952  \\$00$10$2ddc$40$6TRE_COCH$70$8TRE$920034$aORPH$bORPH$cKTS1_H$d2021-04-13$eKoopman$i14B38$l0$oTRE COCH$p20124603$r2021-04-13 00:00:00$w2021-04-13$yBOO
=999  \\$c19946$d19946

