=LDR  00831cam a22002171  4500
=001  19947
=005  20250120115950.0
=008  720906r19541552gw\h\\\\\\\\\\000\0\ger\\
=041  \\$alat
=100  \\$aCoclico, Adrianus Petit$4aut$921206
=245  10$aCompendium musices
=260  \\$aKassel$bBärenreiter$c1954
=300  \\$a120 pages
=490  \\$aDocumenta Musicologica: Erste Reihe: Druckschriften-Faksimiles$vIX
=590  \\$aFaksimile-Neudruck Hrsg. von Manfred F. Bukofzer
=650  \0$aMusic theory
=700  \\$aBukofzer, Manfred$d1910-1955$4edt$1http://www.wikidata.org/entity/Q65927$99998
=942  \\$cBOO
=952  \\$00$10$2ddc$40$6TRE_COCL$70$8TRE$920035$aORPH$bORPH$cKTS1_H$d2021-04-13$eKoopman$i13A38$l0$oTRE COCL$p20121960$r2021-04-13 00:00:00$w2021-04-13$yBOO
=955  \\$avk76 2007-05-10 c. 2 to BCCD
=999  \\$c19947$d19947

