=LDR  00722nam a22001937a 4500
=001  19948
=008  210413r19891608\\\|||||\||||\00|\0\ita\d
=020  \\$a8870960072
=041  \\$aita
=100  \\$4aut$aCerreto, Scipione$d1551-1633$921157
=245  \\$aDell'arbore musicale
=260  \\$aBologna$bLibreria Musicale Italiana$c1989
=300  \\$a48 pages
=590  \\$aFacsimile dell'esemplare appartenuto a Padre Martini
=700  \\$4edt$aLuisi, Francesco$913301
=942  \\$cBOO
=952  \\$00$10$2ddc$40$6TRE_CERR$70$8TRE$920036$aORPH$bORPH$cKTS1_H$d2021-04-13$eKoopman$i13A40$l0$oTRE CERR$p20121958$r2021-04-13 00:00:00$w2021-04-13$yBOO
=999  \\$c19948$d19948
=650  \0$aMusic theory$1http://www.wikidata.org/entity/Q193544$92662

