=LDR  00721nam a2200181 u 4500
=001  19949
=005  20250120120039.0
=008  090402r19661588xxu\\\\|r\\\\|000\||ita|d
=041  \\$aita
=100  \\$aZarlino, Gioseffo$d1517-1590$4aut$1http://www.wikidata.org/entity/Q365805$916065
=245  10$aSopplimenti musicali
=260  \\$aRidgewood, NJ$bGregg Press$c1966
=300  \\$a330 pages
=648  \0$a16th Century (1501-1600)$1http://www.wikidata.org/entity/Q7017$920944
=650  \0$aMusic theory$1http://www.wikidata.org/entity/Q193544$92662
=942  \\$cBOO
=952  \\$00$10$2ddc$40$6TRE_ZARL$70$8TRE$920037$aORPH$bORPH$cKTS1_H$d2021-04-13$eKoopman$i14G22$l0$oTRE ZARL$p20126233$r2021-04-13 00:00:00$w2021-04-13$yBOO
=999  \\$d19949

