=LDR  00803cam a2200205 a 4500
=001  19960
=005  20250821140456.0
=008  850716r19831691ne\af\\\\b\\\\001\0\ger\\
=020  \\$a907090702X
=041  0\$ager
=100  \\$aWerckmeister, Andreas$d1645-1706$4aut$1http://www.wikidata.org/entity/Q61162$94936
=245  10$aMusicalische Temperatur
=260  \\$aUtrecht$bDiapason Press$c1983
=300  \\$a61-xvi-96 pages
=490  \\$aTuning and Temperament Library$v1
=650  \0$aMusic theory$1http://www.wikidata.org/entity/Q193544$92662
=700  \\$aRasch, Rudolf$d1945-$4edt$1http://www.wikidata.org/entity/Q112427566$913439
=942  \\$cBOO
=952  \\$00$10$2ddc$40$6TRE_WERC$70$8TRE$920048$aORPH$bORPH$cKTS1_H$d2021-04-13$l0$oTRE WERC$p20124962$r2021-04-13 00:00:00$w2021-04-13$yBOO
=999  \\$c19960$d19960

