=LDR  01274nam a22002537a 4500
=001  19961
=005  20250925143306.0
=008  210414s1963\\\\\\\|||||\||||\10|\0\mul\d
=041  \\$ager$deng
=245  \\$aBericht über die zweite internationale musikwissenschaftliche Konferenz Liszt-Bartók:$bBudapest, 1961
=246  \1$aLiszt-Bartók: Report of the Second International Musicological Conference
=260  \\$aBudapest$bAkadémiai Kiadó$c1963
=300  \\$a596 pages
=490  \\$aStudia Musicologica Academiæ Scientiarum Hungaricæ$v5
=600  \0$aLiszt, Franz$d1811-1886$1http://www.wikidata.org/entity/Q41309$917400
=600  \0$aBartók, Béla$d1881-1945$1http://www.wikidata.org/entity/Q83326$916182
=648  \0$a19th Century (1801-1900)$1http://www.wikidata.org/entity/Q6955$920935
=648  \0$a20th Century (1901-2000)$1http://www.wikidata.org/entity/Q6927$920936
=700  \\$4edt$aGárdonyi, Z.$921232
=700  \\$4edt$aSzabolcsi, Bence$d1899-1973$1http://www.wikidata.org/entity/Q43855$916180
=942  \\$cBOO
=952  \\$00$10$2ddc$40$6BIO_LISZ_E$70$8BIO$920049$aORPH$bORPH$cKTS1_P$d2021-04-12$g20.00$oBIO LISZ e$p20136244$r2021-04-14 00:00:00$w2021-04-14$yBOO
=999  \\$c19961$d19961
=650  \0$aMusic history$1http://www.wikidata.org/entity/Q846047$921373

