=LDR  01001nam a22002417a 4500
=001  19966
=005  20250925143306.0
=008  210415s2007\\\\\\\|||||\||||\00|\0\ger\d
=020  \\$a9783936655483
=022  \\$a18654711
=245  \\$aRebellische Musik:$bGesellschaftlicher Protest und kultureller Wandel um 1968
=260  \\$aCologne$bDohr$c2007
=300  \\$a320 pages
=490  \\$aMusicolonia$v1
=590  \\$aHerausgegeben von Arnold Jacobshagen und Markus Leniger unter Mitarbeit von Benedikt Henn
=648  \0$a20th Century (1901-2000)$1http://www.wikidata.org/entity/Q6927$920936
=650  \0$aMusic history$1http://www.wikidata.org/entity/Q846047$921373
=700  \\$4edt$aJacobshagen, Arnold$918518
=700  \\$4edt$aLeniger, Markus$921246
=700  \\$4edt$aHenn, Benedikt$921247
=942  \\$cBOO
=952  \\$00$10$2ddc$40$6GHM_7_000000000000000$70$8GHM$920056$aORPH$bORPH$cKM12_1$d2021-04-12$g39.00$l1$oGHM7$p20135759$q2021-10-10$r2021-04-15 00:00:00$s2021-04-15$w2021-04-15$yBOO
=999  \\$d19966

