=LDR  01010nam a22002297a 4500
=001  19967
=005  20251003125630.0
=008  210415s2021\\\\\\\|||||\||||\00|\0\eng\d
=020  \\$a9780197565315
=041  \\$aeng
=100  \\$4aut$aAdelson, Robert$99038
=245  \\$aErard:$bA Passion for the Piano
=260  \\$aNew York$bOxford University Press$c2021
=300  \\$a238 pages
=600  \0$aÉrard, Sébastien$d1752-1831$1http://www.wikidata.org/entity/Q20721$920934
=610  \0$aÉrard (Paris, France)$1http://www.wikidata.org/entity/Q16008846$921249
=648  \0$a18th Century (1701-1800)$1http://www.wikidata.org/entity/Q7015$920899
=648  \0$a19th Century (1801-1900)$1http://www.wikidata.org/entity/Q6955$920935
=650  \0$aPiano$1http://www.wikidata.org/entity/Q5994$92127
=942  \\$cBOO
=952  \\$00$10$2ddc$40$6INS_3_000000000000000_3B$70$8INS$920057$aORPH$bORPH$cKTS0$d2021-04-12$g74.00$l1$m3$oINS3.3b$p20135760$q2022-04-07$r2021-04-15 00:00:00$s2021-04-15$w2021-04-15$yBOO
=999  \\$c19967$d19967

