=LDR  00962nam a22002297a 4500
=001  19968
=005  20250925143306.0
=008  210415s2013\\\\\\\|||||\||||\00|\0\ger\d
=020  \\$a9783868321937
=041  \\$ager
=100  \\$4edt$aTieze, Agnes$921250
=245  \\$aJiří Kolář 1914-2002:$bCollagen
=260  \\$aCologne$bWienand$c2013
=300  \\$a176 pages
=600  \0$aKolář, Jiří$d1914-2002$1http://www.wikidata.org/entity/Q699793$921252
=648  \0$a20th Century (1901-2000)$1http://www.wikidata.org/entity/Q6927$920936
=651  \0$aCzech Republic$1http://www.wikidata.org/entity/Q213$921253
=710  \\$aKunstforum Ostdeutsche Galerie Regensburg (Germany)$921251
=942  \\$cBOO
=952  \\$00$10$2ddc$40$6BIO_KOLA_E$70$8BIO$920058$aORPH$bORPH$cKTS1_P$d2021-04-12$g0.00$l1$oBIO KOLA e$p20135761$q2021-10-10$r2021-04-15 00:00:00$s2021-04-15$w2021-04-15$yBOO
=999  \\$c19968$d19968
=650  \0$aFine art$1http://www.wikidata.org/entity/Q219625$921579

