=LDR  00822cam a2200205 a 4500
=001  19973
=005  20250128161303.0
=008  841126s19831495gw\a\\\\\bd\\\000\0\ger\\
=041  1\$ager$hita
=100  \\$aTinctoris, Johannes$d1435-1511$4aut$1http://www.wikidata.org/entity/Q370512$919384
=245  10$aTerminorum musicae diffinitorium
=260  \\$aLeipzig$bVEB Deutscher Verlag für Musik$c1983
=300  \\$a80 pages
=590  \\$aFaksimile der Inkunabel Treviso 1495
=700  \\$aBellerman, Heinrich$4trl$921269
=700  \\$aGülke, Peter$d1934-$4aft$920008
=942  \\$cBOO
=952  \\$00$10$2ddc$40$6TRE_TINC$70$8TRE$920064$aORPH$bORPH$cKTS1_H$d2021-04-16$eKoopman$i13I14$l0$oTRE TINC$p20126398$r2021-04-16 00:00:00$w2021-04-16$yBOO
=999  \\$c19973$d19973
=650  \0$aDictionary$1http://www.wikidata.org/entity/Q23622$921580

