=LDR  00660nam a22001697a 4500
=001  19977
=008  210419s2021\\\\\\\|||||\||||\00|\0\eng\d
=041  \\$aeng
=245  \\$aMachinic Assemblages of Desire:$bDeleuze and Artistic Research 3
=250  \\$aOrpheus Institute Series
=260  \\$aLeuven$bLeuven University Press$c2021
=300  \\$a464 pages
=700  \\$4edt$aAssis, Paulo de$1https://orcid.org/0000-0001-6238-1417$916044
=700  \\$4edt$aGiudici, Paolo$916738
=942  \\$cBOO
=952  \\$00$10$2ddc$40$6MTP_3_000000000000000_ASSI$70$8MTP$920068$aORPH$bORPH$cKM12_1$d2021-04-19$l0$oMTP3 ASSI$p20135767$r2021-04-19 00:00:00$w2021-04-19$yBOO
=999  \\$c19977$d19977

