=LDR  01243nam a22002777a 4500
=001  19989
=008  210420r19871734\\\||l||\||||\00|\0\fre\d
=041  \\$afre$adut
=059  \\$ahpd
=100  \\$4cmp$aLustig, Jacob Wilhelm$d1706-1796$1http://www.wikidata.org/entity/Q1677671$95820
=245  \\$aSonates pour le clavecin op. 1
=246  \1$a8 sonates (suites) pour le clavecin. Amsterdam c.1734 / Paris 1742
=260  \\$aUtrecht$bjhvk$c1987
=300  \\$a[4]-97 pages
=490  \\$aMusica repartita$v11
=500  \\$a'Semi-facsimile'
=561  \\$aOriginally published by Gerhard Fredrik Witvogel, Amsterdam; dedicated to Princess Anne of Orange
=590  \\$aPar Mr. J. G. Lustig, organiste à Groningue
=600  \0$aAnne, Princess Royal$d1709-1759$1http://www.wikidata.org/entity/Q239487$920849
=648  \0$a18th Century (1701-1800)$1http://www.wikidata.org/entity/Q7015$920899
=650  \0$aSonata$1http://www.wikidata.org/entity/Q131269$921653
=651  \0$aNetherlands$1http://www.wikidata.org/entity/Q55$9173
=700  \\$4edt$aKrevelen, J. H. van$921299
=942  \\$cSCO
=952  \\$00$10$2ddc$40$70$8SCO$920081$aORPH$bORPH$cKTS1_P$d2021-04-20$eKoopman$i13F62$l0$p20124336$r2021-04-20 00:00:00$w2021-04-20$ySCO
=999  \\$c19989$d19989

