=LDR  01218nam a22002537a 4500
=001  19990
=008  210420r19861742\\\||l||\||||\00|\0\fre\d
=041  \\$afre
=059  \\$ahpd
=100  \\$4cmp$aLustig, Jacob Wilhelm$d1706-1796$1http://www.wikidata.org/entity/Q1677671$95820
=245  \\$aSonates pour le clavecin ... première partie
=260  \\$aGeneva$bMinkoff$c1986
=300  \\$a55 pages
=490  \\$aClavecinistes européens du XVIIIe siècle$v5
=534  \\$aOriginally published by Le Clair, Boivin and Le Clerc, Paris, [1742]
=590  \\$aPar Mr. J. G. Lustig, cy devant organiste de l'Eglise Cathedrale des Lutheriens de Groningue. Gravées par Mme Leclair. Première Partie
=648  \0$a18th Century (1701-1800)$1http://www.wikidata.org/entity/Q7015$920899
=651  \0$aNetherlands$1http://www.wikidata.org/entity/Q55$9173
=700  \\$4egr$aLeclair-Roussel, Louise$cMme$921300
=942  \\$cSCO
=952  \\$00$10$2ddc$40$70$8SCO$920082$aORPH$bORPH$cKTS1_P$d2021-04-20$eKoopman$i13F33$l0$p20124365$r2021-04-20 00:00:00$w2021-04-20$ySCO
=999  \\$c19990$d19990
=650  \0$aInstrumental music$1http://www.wikidata.org/entity/Q639197$92106
=650  \0$aSonata$1http://www.wikidata.org/entity/Q131269$921653

