=LDR  01159nam a22002417a 4500
=001  19993
=008  210422r19691529\\\|||||\||||\00|\0\ita\d
=041  \\$aita
=100  \\$4aut$aAron, Pietro$d1489-1545$1http://www.wikidata.org/entity/Q653171$921035
=245  \\$aToscanello in musica
=260  \\$aBologna$bForni$c1969
=300  \\$a135 pages
=490  \\$aBibliotheca musica bononiensis$vSezione II N. 10
=500  \\$a"Ristampa anastatica"
=534  \\$aOriginally published in Venice, 1523; rev. ed. published by Vitali, Venice, 1529
=590  \\$adi Messer Piero Aron fiorentino del ordine Hierosolimitano et canonico in Rimini nuovamente stampato con l'aggiunta da lui fatta et con diligentia corretto
=648  \0$a16th Century (1501-1600)$1http://www.wikidata.org/entity/Q7017$920944
=651  \0$aItaly$1http://www.wikidata.org/entity/Q38$922
=700  \\$4win$aElders, Willem$921325
=942  \\$cBOO
=952  \\$00$10$2ddc$40$6TRE_ARON$70$8TRE$920085$aORPH$bORPH$cKTS1_H$d2021-04-22$eKoopman$i14D01$l0$oTRE ARON$p20124691$r2021-04-22 00:00:00$w2021-04-22$yBOO
=999  \\$c19993$d19993
=650  \0$aMusic theory$1http://www.wikidata.org/entity/Q193544$92662

