=LDR  01193nam a22002297a 4500
=001  19994
=008  210422r19691545\\\|||||\||||\00|\0\ita\d
=041  \\$aita
=100  \\$4aut$aAron, Pietro$d1489-1545$1http://www.wikidata.org/entity/Q653171$921035
=245  \\$aLucidario in musica
=260  \\$aBologna$bForni$c1969
=300  \\$a103 pages
=490  \\$aBibliotheca musica bononiensis$vSezione II. N. 12
=500  \\$a"Ristampa fotomeccanica"
=534  \\$aOriginally published by Scotto, Venice, 1545
=590  \\$adi alcune oppenioni antiche, et moderne con loro oppositioni, & resolutioni, con molti altri secreti appresso, & questioni da altrui anchora non dichiarati, composto dall'eccellente, & consumato Musico Pietro Aron del Ordine de Crosachieri, & della citta di Firenze
=648  \0$a16th Century (1501-1600)$1http://www.wikidata.org/entity/Q7017$920944
=651  \0$aItaly$1http://www.wikidata.org/entity/Q38$922
=942  \\$cBOO
=952  \\$00$10$2ddc$40$6TRE_ARON$70$8TRE$920086$aORPH$bORPH$cKTS1_H$d2021-04-22$eKoopman$i13H02$l0$oTRE ARON$p20124988$r2021-04-22 00:00:00$w2021-04-22$yBOO
=999  \\$c19994$d19994
=650  \0$aMusic theory$1http://www.wikidata.org/entity/Q193544$92662

