=LDR  00470nam a22001097a 4500
=001  20001
=008  210423b\\\\\\\\\\\|||||\||||\00|\0\###\d
=245  \\$a[4 religious books]
=505  \\$aPsalmen, in dichtmaet gebragt - Gezangen - Het Boek der Psalmen - Kerkboek
=942  \\$cBOO
=952  \\$00$10$2ddc$40$6KTS_1_000000000000000_C1_25_16B15$70$8RAR$920093$aORPH$bORPH$cKTS1_C1$d2021-04-23$eKoopman$i16B15$l0$oKTS1 C1.25 16B15$p20136311$r2021-04-23 00:00:00$w2021-04-23$yBOO
=999  \\$c20001$d20001

