=LDR  01410cam a2200277 a 4500
=001  20002
=005  20250121142132.0
=008  900619r19881717gw\a\\\\\b\\\\000\0\ger\\
=041  \\$ager
=100  \\$aSinn, Christoph Albert$d1680/81-1729$4aut$1http://www.wikidata.org/entity/Q55126623$921348
=245  10$aTemperatura practica,$bdas ist, Grundrichtige Vergleichung der zwölff semitoniorum in der octave
=260  \\$aMichaelstein$bKultur- und Forschungsstätte Michaelstein$c1988
=300  \\$a136-20 pages
=490  \\$aDokumentationen - Reprints
=534  \\$aOriginally published as 'Die aus mathematischen Gründen richtig gestellte musicalische temperatura practica'$cWenigeroda: Struck, 1717
=648  \0$a18th Century (1701-1800)$1http://www.wikidata.org/entity/Q7015$920899
=650  \0$aTemperament$1http://www.wikidata.org/entity/Q55073971$921656
=650  \0$aTuning$1http://www.wikidata.org/entity/Q858576$921655
=650  \0$aMathematics$1http://www.wikidata.org/entity/Q395$922612
=651  \0$aGermany$1http://www.wikidata.org/entity/Q183$9155
=700  \\$aCalvör, Caspar$d1650-1725$4win$921349
=700  \\$aBehrens, Michael$4aft$921350
=700  \\$aThom, Eitelfriedrich$4edt$920417
=942  \\$cBOO
=952  \\$00$10$2ddc$40$6TRE_SINN$70$8TRE$920095$aORPH$bORPH$cKTS1_H$d2021-04-23$eKoopman$iTS Michaelst. Dok 17$l0$oTRE SINN$p20129540$r2021-04-23 00:00:00$w2021-04-23$yBOO
=999  \\$d20002

