=LDR  02016nam a22001817a 4500
=001  20006
=005  20250923161051.0
=008  210427k18361879\\\|||||\||||\00|\0\fre\d
=245  \\$a[Lassus Collection]
=336  \\$amanuscript
=336  \\$aprinted
=500  \\$a19 biographical articles, book-chapters, newspaper clippings, announcements, speeches, plays, etc. about Orlandus Lassus. All printed but one.
=505  \\$aNotice biographique sur Roland Delattre, connu sous le nom d'Orland de Lassus -- Roland de Lattre -- Biographie. Orlando Lasso et Jean Mielich à la cour d'Albert à Munich -- Biographie montoise : Roland de Lattre -- Analyse bibliographique d'un recueil de chansons d'Orlandus Lassus -- Notes -- Couplets adressés à la Société Roland Delattre le 22 novembre 1847, fête de Ste Cecile -- Mons … Pose solennelle de la premiere pierre pour la statue de Roland de Lattre -- Roland de Lattre : poème composé à l'occasion de [du?] premier concert donné à Mons le 22 novembre 1848 pour l'érection d'une statue à la mémoire de cet illustre musicien -- Roland de Lattre : biographie -- Roland de Lattre. Drame historique en un acte et en vers, mêlé de chant -- Rapport de M. Schayes sur un lettre de M. Gachet, relative à la mutilation des noms des grands hommes -- Roland de Lassus. Lettre à MM. de l'Académie de Belgique, sur la mutilation des noms des grands hommes
De la part que la Société des Sciences du Hainaut a prise a l'érection de la statue d'Orlande de Lassus, celebre compositeur Montois -- Roland de Lattre : sa vie, ses ouvrages -- Roland de Lassus. Iconografie montoise -- Roland de Lattre. Journal des Sociétés -- Roland de Lassus. Annales Cercle Archéologique
=561  \\$aEx libris André Meyer (stamp)
=942  \\$cMS
=952  \\$00$10$2ddc$40$6KTS_1_000000000000000_C1_20_16D07$70$8RAR$920099$aORPH$bORPH$cKTS1_C1$d2021-04-27$i16D07$l0$oKTS1 C1.20 16D07$p20136327$r2021-04-27 00:00:00$w2021-04-27$yMS
=999  \\$c20006$d20006
=533  \\$aDigitized by iGuana, Spring 2025.

