=LDR  01907cam a22002411a 4500
=001  20011
=005  20250120120350.0
=008  760621r19741832au\g\\\\\\\\\\000\0\ger\\
=041  1\$ager$hfre
=100  \\$aReicha, Anton$d1770-1836$4aut$1http://www.wikidata.org/entity/Q311387$916024
=245  10$aReicha's Compositions-Lehre
=260  \\$aAmsterdam$bHeuwekemeijer$c1974
=300  \\$a82 pages
=500  \\$aFrench and German in opposite columns; for some pages at end of v. 1 and a few in other volumes, French translation is supplied in manuscript for German passages lacking printed translation.
=500  \\$aVol. 1 is a translation of the author's Cours de composition musicale, ou Traité complet et raisonné d'harmonie pratique; v. 2, of his Traité de melodie: v. 3-4, of his Traité de haute composition musicale.
=590  \\$aVollständiges Lehrbuch der musikalischen Composition, oder, Ausführliche und erschöpfende Abhandlung über die Harmonie (den Generalbass) die Melodie, die Form und Ausarbeitung der verschiedenen Arten von Tonstücken, den Gebrauch der Gesangstimmen, die gesammte Instrumentirung, den höhern Tonsatz im doppelten Contrapunct, die Fuge und den Canon, und über den strengen Satz im Kirchenstyl = Cours de compositon musicale, ou, Traité complet d'harmonie pratique, de melodie, de l'emploi des voix et des instrumens, de haute composition et du contrepoint double, de la fugue et du canon etc.
=650  \0$aComposing$1http://www.wikidata.org/entity/Q92186587$93076
=650  \0$aMusic theory$1http://www.wikidata.org/entity/Q193544$92662
=700  \\$aCzerny, Carl$d1791-1857$4trl$4cmm$1http://www.wikidata.org/entity/Q215333$96032
=765  \\$aCours de composition musicale
=942  \\$cBOO
=952  \\$00$10$2ddc$40$6TRE_REIC$70$8TRE$920104$aORPH$bORPH$cKTS1_H$d2021-04-29$eKoopman$i14I32$oTRE REIC$p20126264$r2021-04-29 00:00:00$w2021-04-29$yBOO
=999  \\$c20011$d20011

