=LDR  00799cam a2200193u  4500
=001  20013
=005  20250120120245.0
=008  840627r19691740it\\\\\\\\\\\\000\0\fre\\
=041  \\$afre
=100  \\$aRiccoboni, Luigi$d1676-1753$4aut$921376
=245  10$aRéflexions historiques et critiques sur les différens théâtres de l'Europe
=260  \\$aBologna$bForni$c1969
=300  \\$a273 pages
=490  \\$aBibliotheca musica Bononiensis$vSezione III N. 25
=942  \\$cBOO
=952  \\$00$10$2ddc$40$6TRE_RICC$70$8TRE$920106$aORPH$bORPH$cKTS1_H$d2021-04-29$eKoopman$i13B04$l0$oTRE RICC$p20124509$r2021-04-29 00:00:00$w2021-04-29$yBOO
=999  \\$c20013$d20013
=650  \0$aTheater history$1http://www.wikidata.org/entity/Q1061140$94607
=650  \0$aTheater criticism$1http://www.wikidata.org/entity/Q2416230$921632

