=LDR  01807nam a2200289 a 4500
=001  20019
=008  \\\\\\r19641614gw\g\\\\r\\\\\001\0\ger\d
=041  \\$alat$ager
=100  \\$aPraetorius, Michael$d1571-1621$4aut$1http://www.wikidata.org/entity/Q108278$97239
=245  10$aSyntagma musicum
=250  \\$a2nd ed.
=260  \\$aKassel$bBärenreiter$c1964
=490  0\$aDocumenta musicologica$vXIV-XV; XXI
=500  \\$aFacsimile
=534  \\$aI. Musicæ artis analecta was originally published in 1614-15 and here reprinted in 1974; II. De organographia in 1619 and reprinted in 1964; III. Termini musici was reprinted in 1967
=648  \0$a17th Century (1601-1700)$1http://www.wikidata.org/entity/Q7016$920923
=650  \0$aMusic theory$1http://www.wikidata.org/entity/Q193544$92662
=650  \0$aOrganology$1http://www.wikidata.org/entity/Q899293$921400
=650  \0$aDictionary$1http://www.wikidata.org/entity/Q23622$921580
=651  \0$aGermany$1http://www.wikidata.org/entity/Q183$9155
=700  \\$aGurlitt, Wilibald$d1889-1963$4edt$919994
=942  \\$cBOO
=952  \\$00$10$2ddc$3II: De Organographia 1619$40$6INS_1A$70$8INS$919268$aORPH$bORPH$cKTS0$d2021-09-21$oINS1a$p20130176$r2021-01-12 00:00:00$v400.00$w2021-01-12$yBOO
=952  \\$00$10$2ddc$3I: Musicae artis Analecta 1614-15$40$6TRE_PRAE$70$8TRE$920112$aORPH$bORPH$cKTS1_H$d2020-07-08$eKoopman$i14D36$oTRE PRAE$p20124655$r2021-04-29 00:00:00$w2021-04-29$yBOO
=952  \\$00$10$2ddc$3II: De Organographia 1619$40$6TRE_PRAE$70$8TRE$920113$aORPH$bORPH$cKTS1_H$d2020-07-08$eKoopman$i14D37$oTRE PRAE$p20124654$r2021-04-29 00:00:00$w2021-04-29$yBOO
=952  \\$00$10$2ddc$3III: Termini musici $40$6TRE_PRAE$70$8TRE$920114$aORPH$bORPH$cKTS1_H$d2020-07-08$eKoopman$i14D38$oTRE PRAE$p20124653$r2021-04-29 00:00:00$w2021-04-29$yBOO
=999  \\$d20019

