=LDR  01188cam a22002171a 4500
=001  20025
=005  20250120120336.0
=008  750205r19721788it\\\\\\\\\\\\000\0\ita\\
=041  \\$aita
=100  \\$aManfredini, Vincenzo$d1737-1799$4aut$1http://www.wikidata.org/entity/Q928954$95605
=245  10$aDifesa della musica moderna e de' suoi celebri esecutori
=260  \\$aBologna$bForni$c1972
=300  \\$a207 pages
=490  \\$aBibliotheca musica Bononiensis. Sezione II$v73
=500  \\$aReprint of the 1788 ed.
=500  \\$aUpon the publication of the 2d vol. of E. Arteaga's "Le rivoluzioni del teatro musicale italiano," Manfredini published a criticism (Giornale enciclopedico, April, 1785) of ideas advanced in that volume. The present work contains the replies published by Arteaga in the 3d vol. of his work and counter replies by Manfredini.
=650  \0$aMusic history$1http://www.wikidata.org/entity/Q846047$921373
=650  \0$aMusic criticism$1http://www.wikidata.org/entity/Q11748889$921598
=942  \\$cBOO
=952  \\$00$10$2ddc$40$6TRE_MANF$70$8TRE$920122$aORPH$bORPH$cKTS1_H$d2021-04-30$eKoopman$i13B32$l0$oTRE MANF$p20124480$r2021-04-30 00:00:00$w2021-04-30$yBOO
=999  \\$d20025

