=LDR  00647ncm a22001337a 4500
=001  20029
=008  210503b\\\\\\\\\\\||l||\||||\00|\0\fre\d
=041  \\$afre
=100  \\$1http://www.wikidata.org/entity/Q151593$4cmp$aMessiaen, Olivier$d1908-1992$95134
=245  \\$a[Messiaen Collection]
=505  \\$gLa Mort du nombre -- Vocalise-étude pour voix élevées -- Poèmes pour Mi. Chant et piano vols. 1-2 -- Chants de terre et de ciel / Messiaen
=942  \\$cSCO
=952  \\$00$10$2ddc$40$6KTS_1_000000000000000_C3_17_15F12AD$70$8RAR$920128$aORPH$bORPH$cKTS1_C3$d2021-05-03$eKoopman$l0$oKTS1 C3.17 15F12a-d$p20136379$r2021-05-03 00:00:00$w2021-05-03$ySCO
=999  \\$d20029

