=LDR  00860cam a2200205 a 4500
=001  20032
=005  20250120120133.0
=008  890506r19761613ge\g\\\\\\\\\\000\0\lat\\
=041  \\$alat
=100  \\$aNucius, Johannes$4aut$921442
=245  10$aMusices poeticæ sive De compositione cantus
=260  \\$aLeipzig$bZentralantiquariat der Deutschen Demokratischen Republik$c1976
=300  \\$a79 pages
=500  \\$aReprint. Originally published: Typis Crispini Scharffenbergi Typographi Nissensis, 1613.
=650  \0$aCounterpoint
=650  \0$aMusic theory$1http://www.wikidata.org/entity/Q193544$92662
=650  \0$aComposing$1http://www.wikidata.org/entity/Q92186587$93076
=942  \\$cBOO
=952  \\$00$10$2ddc$40$6TRE_NUCI$70$8TRE$920134$aORPH$bORPH$cKTS1_H$d2021-05-05$eKoopman$i13I16$l0$oTRE NUCI$p20126396$r2021-05-05 00:00:00$w2021-05-05$yBOO
=999  \\$c20032$d20032

