=LDR  00872cam a22002171  4500
=001  20038
=005  20250120120616.0
=008  841204r19751515pl\a\\\\\\\\\\000\0\lat\\
=041  \\$alat
=100  \\$aMonetarius, Stefan$4aut$921450
=245  00$aEpitoma utriusque musicæ practicæ
=246  \1$aEpitoma utriusque musicae practicae
=260  \\$aKraków$bPolskie Wydawnictwo Muzyczne$c1975
=300  \\$a56 pages
=490  \\$aMonumenta musicæ in Polonia
=648  \0$a16th Century (1501-1600)$1http://www.wikidata.org/entity/Q7017$920944
=650  \0$aMusic theory$1http://www.wikidata.org/entity/Q193544$92662
=651  \0$aKraków (Poland)$1http://www.wikidata.org/entity/Q31487$924842
=942  \\$cBOO
=952  \\$00$10$2ddc$40$6TRE_MONE$70$8TRE$920140$aORPH$bORPH$cKTS1_H$d2021-05-05$eKoopman$i13I10$l0$oTRE MONE$p20126402$r2021-05-05 00:00:00$w2021-05-05$yBOO
=999  \\$d20038

