=LDR  01076cam a22002051  4500
=001  20040
=005  20250120120329.0
=008  870523r19831826gw\\\\\\\\\\\\000\0\ger\\
=041  \\$ager
=100  1\$aNägeli, Hans Georg$d1773-1836$4aut$1http://www.wikidata.org/entity/Q672548$95405
=245  10$aVorlesungen über Musik mit Berücksichtigung der Dilettanten
=260  \\$aDarmstadt$bWissenschaftliche Buchgesellschaft$c1983
=300  \\$axvi-285 pages
=520  \\$aI. Dilettantismus.--II. Theorie der Instrumentalmusik.--III. Theorie der Vokalmusik.--IV. Kritik.--V-VII. Geschichte der Instrumentalmusik.--VIII. Geschichte der Vokalmusik.--IX. Kunsterziehung.--X. Kunstleben.--Nachträge.
=650  \0$aMusic history$1http://www.wikidata.org/entity/Q846047$921373
=700  \\$4win$aStaehelin, Martin$916205
=942  \\$cBOO
=952  \\$00$10$2ddc$40$6TRE_NAGE$70$8TRE$920142$aORPH$bORPH$cKTS1_H$d2021-05-05$eKoopman$i13H30$l0$oTRE NAGE$p20124959$r2021-05-05 00:00:00$w2021-05-05$yBOO
=999  \\$c20040$d20040
=650  \0$aMusic criticism$1http://www.wikidata.org/entity/Q11748889$921598

