=LDR  01024nam a22001817a 4500
=001  20041
=008  210505s1686\\\\\\\|||||\||||\00|\0\ger\d
=041  \\$ager
=100  \\$4aut$aMylius, Wolfgang Michael$921451
=245  \\$aRudimenta musices
=250  \\$aCopy
=260  \\$aMuehlhausen$bBrücknern$c1686
=300  \\$a143 pages
=590  \\$aRudimenta musices, das ist: eine kurtze und grundrichtige Anweisung zur Singe-Kunst, wie solche denen Knaben so wohl in Schulen, als in der Privat-Information wohl und richtig beyzubringen in welcher auch alle weitläufftige und zu solcher Unterrichtung unnöthige Regeln ausgelassen, das Nütz-lichste und Nothwendigste aber mit Fleiss angeführet und mit kurzen Exempeln der lieben Jugend zum Besten deutlich erkläret worden
=650  \0$aMethod$1http://www.wikidata.org/entity/Q2250960$921402
=942  \\$cBOO
=952  \\$00$10$2ddc$40$6TRE_MYLI$70$8TRE$920143$aORPH$bORPH$cKTS1_H$d2021-05-05$eKoopman$i14A19$l0$oTRE MYLI$p20124563$r2021-05-05 00:00:00$w2021-05-05$yBOO
=999  \\$c20041$d20041

