=LDR  01257cam a2200277 a 4500
=001  20042
=005  20250820153550.0
=008  941207s1998\\\\it\a\\\\\b\\\\000\0\ger\\
=041  1\$aita$aeng$hger
=100  \\$aMuffat, Georg$d1653-1704$4aut$1http://www.wikidata.org/entity/Q170401$97221
=245  10$aRegulæ concentuum partituræ 1699
=246  \1$aRegulae concentuum partiturae 1699
=260  \\$aRome$bBardi$c1998
=300  \\$axxiii-129 pages
=490  1\$aCollana editoriale$v10
=500  \\$aFacsimile of the ms., with transcription of the musical examples and Italian translation of the German text, printed on facing pages.
=500  \\$aPreface in English and Italian.
=648  \0$a17th Century (1601-1700)$1http://www.wikidata.org/entity/Q7016$920923
=650  \0$aMethod$1http://www.wikidata.org/entity/Q2250960$921402
=650  \0$aBasso continuo$1http://www.wikidata.org/entity/Q724321$921065
=651  \0$aAustria$1http://www.wikidata.org/entity/Q40$9202
=700  \\$aHoffmann, Bettina$4edt$921452
=700  \\$aLorenzetti, Stefano$4edt$4win$921453
=942  \\$cBOO
=952  \\$00$10$2ddc$40$6TRE_MUFF$70$8TRE$920144$aORPH$bORPH$cKTS1_H$d2021-05-05$eKoopman$i14G15$l0$oTRE MUFF$p20126237$r2021-05-05 00:00:00$w2021-05-05$yBOO
=999  \\$d20042

