=LDR  01005cam a22002411  4500
=001  20047
=005  20250121142133.0
=008  841204s1909\\\\fr\g\\\\\b\\\\000\0bfre\\
=040  \\$aOI
=041  \\$afre
=100  \\$aBrenet, Michel$d1858-1918$4aut$1http://www.wikidata.org/entity/Q4939701$99881
=245  00$aHaydn
=260  \\$aParis$bAlcan$c1909
=300  \\$a207 p. :$bmusic ;$c20 cm.
=490  \\$aLes maîtres de la musique
=600  \0$aHaydn, Joseph$d1732-1809$1http://www.wikidata.org/entity/Q7349$94783
=648  \0$a18th Century (1701-1800)$1http://www.wikidata.org/entity/Q7015$920899
=648  \0$a19th Century (1801-1900)$1http://www.wikidata.org/entity/Q6955$920935
=650  \0$aBiography$1http://www.wikidata.org/entity/Q36279$91927
=650  \0$aMusic history$1http://www.wikidata.org/entity/Q846047$921373
=942  \\$cBOO
=952  \\$00$10$2ddc$40$6BIO_HAYD1_D$70$8BIO$920149$aORPH$bORPH$cKTS1_P$d2021-04-12$oBIO HAYD1 d$p20136353$r2021-05-06 00:00:00$w2021-05-06$yBOO
=999  \\$c20047$d20047

