=LDR  00756nam a2200193 a 4500
=001  20048
=005  20250120120318.0
=008  020625r19931713xx\\\\\\r\\\\\000\0\ger\d
=020  \\$z3487096129
=041  \\$ager
=100  \\$aMattheson, Johann$d1681-1764$4aut$1http://www.wikidata.org/entity/Q170333$95222
=245  \\$aDas neu-eröffnete Orchestre
=260  \\$aHildesheim$bGeorg Olms$c1993
=300  \\$a338 pages
=500  \\$aReprint: Hamburg: Benjamin Schillers Wittwe Buchladen im Thum, 1713
=650  \0$aMusic theory$1http://www.wikidata.org/entity/Q193544$92662
=942  \\$cBOO
=952  \\$00$10$2ddc$40$6TRE_MATT$70$8TRE$920151$aORPH$bORPH$cKTS1_H$d2021-05-07$eKoopman$i13B33$l0$oTRE MATT$p20124479$r2021-05-07 00:00:00$w2021-05-07$yBOO
=999  \\$c20048$d20048

