=LDR  00710cam a22001817a 4500
=001  20049
=005  20250120120318.0
=008  011211r19641725ne\\\\\\\\\\\\000\0\ger\c
=041  \\$ager
=100  \\$aMattheson, Johann$d1681-1764$4aut$1http://www.wikidata.org/entity/Q170333$95222
=245  10$aCritica musica
=260  \\$aAmsterdam$bKnuf$c1964
=300  \\$a384-400 pages
=500  \\$aUnchanged reprint of the original edition Hamburg 1722-1725
=942  \\$cBOO
=952  \\$00$10$2ddc$40$6TRE_MATT$70$8TRE$920152$aORPH$bORPH$cKTS1_H$d2021-05-07$eKoopman$i13I02$l0$oTRE MATT$p20126410$r2021-05-07 00:00:00$w2021-05-07$yBOO
=999  \\$c20049$d20049
=650  \0$aMusic criticism$1http://www.wikidata.org/entity/Q11748889$921598

