=LDR  01087cam a22002051  4500
=001  20051
=005  20250120120318.0
=008  840120r19751728gw\\\\\\\\\\\\000\0\ger\\
=041  \\$ager
=100  \\$aMattheson, Johann$d1681-1764$4aut$1http://www.wikidata.org/entity/Q170333$95222
=245  \\$aDer musicalische Patriot
=260  \\$aLeipzig$bZentralantiquariat der DDR$c1975
=300  \\$a376 pages
=500  \\$aReprint Hamburg 1728
=590  \\$aDer musicalische Patriot, welcher seine gründliche Betrachtungen über geist- und weltl. Harmonien samt dem was durchgehends davon abhänget in angenehmer Abwechselung zu solchem Ende mittheilet das Gottes Ehre, das gemeine Beste und eines jeden Lesers besondere Erbauung dadurch befördert werde.
=650  \0$aPeriodical$1http://www.wikidata.org/entity/Q1002697$921106
=942  \\$cBOO
=952  \\$00$10$2ddc$40$6TRE_MATT$70$8TRE$920154$aORPH$bORPH$cKTS1_H$d2021-05-07$eKoopman$i13I01$l0$oTRE MATT$p20126411$r2021-05-07 00:00:00$w2021-05-07$yBOO
=999  \\$c20051$d20051
=650  \0$aMusic criticism$1http://www.wikidata.org/entity/Q11748889$921598

