=LDR  00776cam a22001931  4500
=001  20052
=005  20250120120318.0
=008  750303r19691740gw\\\\\\\b\\\\000\0cger\\
=010  \\$a   72301814 
=041  \\$ager
=100  \\$aMattheson, Johann$d1681-1764$4aut$1http://www.wikidata.org/entity/Q170333$95222
=245  10$aGrundlage einer Ehrenpforte
=260  \\$aKassel$bBärenreiter$c1969
=300  \\$axliv-428-51 pages
=650  \0$aMusic history$1http://www.wikidata.org/entity/Q846047$921373
=700  \\$aSchneider, Max$d1875-1967$4edt$1http://www.wikidata.org/entity/Q1913387$916830
=942  \\$cBOO
=952  \\$00$10$2ddc$40$6TRE_MATT$70$8TRE$920155$aORPH$bORPH$cKTS1_H$d2021-05-07$eKoopman$i14G04$l0$oTRE MATT$p20126248$r2021-05-07 00:00:00$w2021-05-07$yBOO
=999  \\$c20052$d20052

