=LDR  00767nam a22001937a 4500
=001  20056
=008  210507r19811550\\\|||||\||||\00|\0\lat\d
=020  \\$a2826606867
=041  \\$alat$afre
=245  \\$aElementorum musices practicae / Rudiments de musique practique / Nouvelle instruction familière
=260  \\$aGenève$bMinkoff Reprint$c1981
=300  \\$a39-29-21 pages
=650  \0$aMusic theory$1http://www.wikidata.org/entity/Q193544$92662
=700  \\$4aut$aMartin, Claude$921467
=700  \\$4aut$aGuilliaud, Maximilian$921468
=700  \\$4aut$aMenehou, Michel de$921469
=942  \\$cBOO
=952  \\$00$10$2ddc$40$6TRE_MART$70$8TRE$920160$aORPH$bORPH$cKTS1_H$d2021-05-07$eKoopman$i14B37$l0$oTRE MART$p20124604$r2021-05-07 00:00:00$w2021-05-07$yBOO
=999  \\$c20056$d20056

