=LDR  01271ncm a22002777a 4500
=001  20059
=008  210511s1776\\\\\\\||l||\||||\00|\0\fre\d
=041  \\$afre
=059  \\$apf
=100  \\$4cmp$aMozart, Wolfgang Amadeus$d1756-1791$1http://www.wikidata.org/entity/Q254$95341
=240  \\$aKV 179
=245  \\$aMenuet de Fischer 
=260  \\$aParis$bLe Duc$c1786 or later
=300  \\$a10 pages
=490  \\$aCollection Complette d'airs variés pour le piano forte$v11
=500  \\$aComposed in Salzburg, summer 1774.

=500  \\$aMinuet from Fischer's Oboe Concerto No. 1.
=501  \\$aBound in with 'Mio Caro Adone' and 'La Belle Françoise'
=648  \0$a18th Century (1701-1800)$1http://www.wikidata.org/entity/Q7015$920899
=650  \0$aKeyboard music$1http://www.wikidata.org/entity/Q105715630$921412
=650  \0$aTheme and variations$1http://www.wikidata.org/entity/Q763324$92038
=700  \\$4cmp$aFischer, Johann Christian$d1733-1800$1http://www.wikidata.org/entity/Q820692$97908
=773  \\$04837$tMio Caro Adone$w4837
=942  \\$cSCO
=952  \\$00$10$2ddc$40$6KTS_1_000000000000000_C2_58_MAP_008L$70$8RAR$920163$aORPH$bORPH$cKTS1_C2$d2021-05-11$eKoopman$i Map.008l$l0$oKTS1 C2.58 Map.008l$p20136393l$r2021-05-11 00:00:00$w2021-05-11$ySCO
=999  \\$d20059

