=LDR  00838cam a22002051  4500
=001  20066
=005  20250120120039.0
=008  860220r19831622it\a\\\\\\\\\\000\0\ita\\
=041  \\$aita
=100  \\$aAngleria, Camillo$4aut$921495
=245  13$aLa regola del contraponto, e della mvsical compositione
=260  \\$aBologna$bForni$c1983
=300  \\$a121 pages
=490  \\$aBibliotheca musica Bononiensis$vSezione II N. 59
=650  \0$aCounterpoint$1http://www.wikidata.org/entity/Q186393$921487
=650  \0$aMusic theory$1http://www.wikidata.org/entity/Q193544$92662
=856  41$dmuspre1800$f100343$uhttp://hdl.loc.gov/loc.music/muspre1800.100343
=942  \\$cBOO
=952  \\$00$10$2ddc$40$6TRE_ANGL$70$8TRE$920170$aORPH$bORPH$cKTS1_H$d2021-05-12$eKoopman$i14C54$l0$oTRE ANGL$p20126158$r2021-05-12 00:00:00$w2021-05-12$yBOO
=999  \\$c20066$d20066

