=LDR  00910nam a22001937a 4500
=001  20069
=008  210519s1792\\\\\\\|||||\||||\00|\0\dut\d
=041  \\$adut
=100  \\$4aut$aGratiaen, J. F.$921527
=245  \\$aRedeneeringen over nuttige muzikaale onderwerpen
=260  \\$aBatavia$bP. van Geemen$c1792
=300  \\$a286 pages
=490  \\$aVerhandelingen van het Bataviasch Genootschap der Kunsten en Weetenschappen$v6
=590  \\$aTot onderzoek van kenners, tot verlustiging van Geoefende, en tot onderrichting van weetgierige Muziek-liefhebbers
=650  \0$aMusic history$1http://www.wikidata.org/entity/Q846047$921373
=942  \\$cBOO
=952  \\$00$10$2ddc$40$6TRE_GRAT$70$8TRE$920173$aORPH$bORPH$cKTS1_H$d2021-05-19$eKoopman$i13K08$l0$oTRE GRAT$p20127119$r2021-05-19 00:00:00$w2021-05-19$yBOO$zPrinted version
=999  \\$c20069$d20069
=650  \0$aMusic criticism$1http://www.wikidata.org/entity/Q11748889$921598

