=LDR  00838nam a22002297a 4500
=001  20071
=008  210519s1985\\\\\\\|||||\||||\00|\0\dut\d
=041  \\$adut
=245  \\$aDocumenta Belgicae 2
=260  \\$aWilrijk$bStudio voor Experimentele Muziek$c1985
=300  \\$a182 pages
=650  \0$aComposing$1http://www.wikidata.org/entity/Q92186587$93076
=700  \\$4aut$aAdriaenssens, Paul$918803
=700  \\$4aut$aBuckinx, Boudewijn$d1945-$916110
=700  \\$4aut$aDecker, George De$921531
=700  \\$4aut$aLaet, Joris de$921532
=700  \\$4aut$aKnockaert, Yves$919163
=700  \\$4aut$aOosterlynck, Baudouin$916192
=700  \\$4aut$aTran, Fanny$918809
=942  \\$cBOO
=952  \\$00$10$2ddc$40$6TRE_ADRI$70$8TRE$920175$aORPH$bORPH$cKTS1_H$d2021-05-19$l0$oTRE ADRI$p20135810$r2021-05-19 00:00:00$w2021-05-19$yBOO
=999  \\$c20071$d20071

