=LDR  00850nam a22002057a 4500
=001  20073
=008  210519r19541550\\\|||||\||||\00|\0\fre\d
=041  \\$afre
=100  \\$4aut$aBourgeois, Louis$d1510-1560$1http://www.wikidata.org/entity/Q493014$921533
=245  \\$aLe droict chemin de musique
=260  \\$aKassel$bBärenreiter$c1954
=300  \\$a63 pages
=490  \\$aDocumenta musicologica$vVI
=650  \0$aMusic theory$1http://www.wikidata.org/entity/Q193544$92662
=650  \0$aPlainchant$1http://www.wikidata.org/entity/Q2707688$921363
=700  \\$4edt$aGaillard, Paul-André$921534
=942  \\$cBOO
=952  \\$00$10$2ddc$40$6TRE_BOUR$70$8TRE$920177$aORPH$bORPH$cKTS1_H$d2021-05-19$eKoopman$i13H20$l0$oTRE BOUR$p20124969$r2021-05-19 00:00:00$w2021-05-19$yBOO
=999  \\$c20073$d20073
=650  \0$aPsalm$1http://www.wikidata.org/entity/Q12497663$92164

