=LDR  00634nam a22001697a 4500
=001  20074
=008  210519r19961719\\\|||||\||||\00|\0\fre\d
=020  \\$a2910273148
=041  \\$afre
=100  \\$4aut$aDupont, Pierre$d-1740$921535
=245  \\$aPrincipes de musique, par demandes et par réponses
=260  \\$bSociété de musicologie de Languedoc$c1996
=300  \\$a81 pages
=650  \0$aMusic theory$1http://www.wikidata.org/entity/Q193544$92662
=942  \\$cBOO
=952  \\$00$10$2ddc$40$6TRE_DUPO$70$8TRE$920178$aORPH$bORPH$cKTS1_H$d2021-05-19$eKoopman$i14B44$l0$oTRE DUPO$p20124598$r2021-05-19 00:00:00$w2021-05-19$yBOO
=999  \\$c20074$d20074

