=LDR  01974ncm a22002897a 4500
=001  20082
=005  20250925143306.0
=008  210520n\\\\\\\\\\\||l||\||||\00|\0\fre\d
=041  \\$alat$afre
=059  \\$ach pf (org)
=100  \\$4cmp$aKœchlin, Charles$d1867-1950$1http://www.wikidata.org/entity/Q72543$921555
=240  \\$aOp.16
=245  \\$aL'Abbaye $b(Choeur, Orgue et Orchestre) 
=260  \\$aParis$bJoanin$cs.d.
=300  \\$a[2]-30 pages$bpaper cover, title page printed in two colors
=500  \\$aComposed 1899-1902, orchestrated 1903, revised 1927. Premiere 1908-05-22 in Paris, Salle Gaveau.
=500  \\$aPiano part =  "reduction de l'Orchestre". 
This represents the version for chamber orchestra (orchestre réduit), there is also a version for "orchestre complet", which is Op.16bis
=500  \\$aCharles Koechlin was a French composer, teacher and musicologist. He was a political radical all his life and a passionate enthusiast for such diverse things as medieval music, The Jungle Book of Rudyard Kipling, Johann Sebastian Bach, film stars (especially Lilian Harvey and Ginger Rogers), traveling, stereoscopic photography and socialism. 
[https://en.wikipedia.org/wiki/Charles_Koechlin]
=648  \0$a20th Century (1901-2000)$1http://www.wikidata.org/entity/Q6927$920936
=650  \0$aVocal music$1http://www.wikidata.org/entity/Q685884$93319
=650  \0$aReligion$1http://www.wikidata.org/entity/Q9174$93062
=650  \0$aChoral music$1http://www.wikidata.org/entity/Q1076513$94368
=650  \0$aCantata$1http://www.wikidata.org/entity/Q174873$921603
=856  \\$uhttps://s9.imslp.org/files/imglnks/usimg/2/27/IMSLP245563-SIBLEY1802.23178.cfe4-39087014460176score.pdf$3International Music Score Library Project
=942  \\$cSCO
=952  \\$00$10$2ddc$40$6KTS_1_000000000000000_C2_60_MAP_024D$70$8RAR$920188$aORPH$bORPH$cKTS1_C2$d2021-05-20$eKoopman$iMap.024d$l0$oKTS1 C2.60 Map.024d$p20136439d$r2021-05-20 00:00:00$w2021-05-20$ySCO
=999  \\$d20082

