=LDR  00680cam a2200181u  4500
=001  20087
=005  20250219073109.0
=008  831130r19381538gw\h\\\\\\\\\\000\0\ger\\
=041  \\$ager
=100  \\$aWalter, Johann$d1496-1570$4aut$97241
=245  10$aLob und Preis der löblichen Kunst Musica, 1538
=260  \\$aKassel$bBärenreiter-verlag$c1938
=300  \\$a[45] pages
=650  \0$aPoetry$1http://www.wikidata.org/entity/Q482$93026
=700  \\$aGurlitt, Wilibald$d1889-1963$4edt$4win$919994
=942  \\$cBOO
=952  \\$00$10$2ddc$40$6TRE_WALT$70$8TRE$920193$aORPH$bORPH$cKTS1_H$d2021-05-21$eKoopman$i13I11$l0$oTRE WALT$p20126401$r2021-05-21 00:00:00$w2021-05-21$yBOO
=999  \\$c20087$d20087

