=LDR  00767nam a22001817a 4500
=001  20089
=008  210521s1652\\\\\\\|||||\||||\00|\0\ita\d
=041  \\$aita
=100  \\$4aut$aBarcotto, Antonio$dfl. 16th century$1http://www.wikidata.org/entity/Q86835556$921559
=245  \\$aRegola e breve raccordo
=260  \\$aPadua$c1652
=300  \\$a50 pages
=648  \0$a16th Century (1501-1600)$1http://www.wikidata.org/entity/Q7017$920944
=650  \0$aOrganology$1http://www.wikidata.org/entity/Q899293$921400
=651  \0$aItaly$1http://www.wikidata.org/entity/Q38$922
=942  \\$cBOO
=952  \\$00$10$2ddc$40$6TRE_BARC$70$8TRE$920196$aORPH$bORPH$cKTS1_H$d2021-05-21$eKoopman$i13G42$l0$oTRE BARC$p20124908$r2021-05-21 00:00:00$w2021-05-21$yBOO$zPrinted version
=999  \\$c20089$d20089

