=LDR  01652nab a22002897a 4500
=001  20091
=005  20250925143306.0
=008  210521s1937\\\\\\\|||||\||||\00|\0bger\d
=041  \\$ager
=100  \\$4aut$aGrusnick, Bruno$d1900-1992$914925
=245  \\$aDietrich Buxtehude.$bLeben und Werke
=260  \\$aKassel$bBärenreiter$c1937
=300  \\$a16 pages
=500  \\$aBruno Grusnick was one of the first to research and perform Buxtehude's music in the twentieth century. 
=500  \\$aTwo copies, one of which (Map.024j) is signed
=561  \\$aMap.024j has ex libris Barbara Grusnick, with an autograph dedication by Bruno Grusnick: "Viel Freude auf Buxtehudes Wegen"
=590  \\$aErgänzter Sonderdruck aus "Musik und Kirche", 7. Jahrgang 1935 / Heft 1 und 2
=600  \0$aBuxtehude, Dietrich$d1637-1707$1http://www.wikidata.org/entity/Q153637$910062
=648  \0$a20th Century (1901-2000)$1http://www.wikidata.org/entity/Q6927$920936
=648  \0$a17th Century (1601-1700)$1http://www.wikidata.org/entity/Q7016$920923
=650  \0$aMusic history$1http://www.wikidata.org/entity/Q846047$921373
=650  \0$aBiography$1http://www.wikidata.org/entity/Q36279$91927
=651  \0$aLübeck (Germany)$1http://www.wikidata.org/entity/Q2843$9125
=942  \\$cBOO
=952  \\$00$10$2ddc$40$6BIO_BUXT_D$70$8BIO$97804$aORPH$bORPH$cKTS1_P$d2020-07-08$eKoopman$i32C43$oBIO BUXT d$p20122876$r2021-01-12 00:00:00$w2021-01-12$yBOO$OKoopman
=952  \\$00$10$2ddc$40$6KTS_1_000000000000000_C2_60_MAP_024J$70$8RAR$920198$aORPH$bORPH$cKTS1_C2$d2021-05-21$eKoopman$iMap.024j$l0$oKTS1 C2.60 Map.024j$p20136439j$r2021-05-21 00:00:00$w2021-05-21$yBOO
=999  \\$d20091

