=LDR  00826cam a2200205 a 4500
=001  20099
=005  20250318145807.0
=008  851107r19691620it\ag\\\\b\\\\000\0\ita\\
=041  \\$aita
=100  \\$aNegri, Cesare$d1535-1604)$4aut$97583
=245  \\$aLe gratie d'amore
=260  \\$aBologna$bForni$c1969
=300  \\$a296 pages
=490  \\$aBibliotheca musica Bononiensis$vSezione II N. 104
=500  \\$aIncludes dance music for soprano instrument with lute acc. (in tablature notation)
=648  \0$a17th Century (1601-1700)$1http://www.wikidata.org/entity/Q7016$920923
=650  \0$aDance$1http://www.wikidata.org/entity/Q6034$924845
=942  \\$cBOO
=952  \\$00$10$2ddc$40$6TRE_NEGR$70$8TRE$920207$aORPH$bORPH$cKTS1_H$d2021-05-28$eKoopman$i14G05$l0$oTRE NEGR$p20126247$r2021-05-28 00:00:00$w2021-05-28$yBOO
=999  \\$c20099$d20099

