=LDR  01080nam a22002057a 4500
=001  20100
=008  210528s1660\\\\\\\|||||\||||\00|\0\ger\d
=041  \\$ager$alat
=100  \\$4aut$aErhardi, Lorenz$921583
=245  \\$aCompendium musices Latino-Germanicum
=260  \\$bSumptibus Authoris$c1660
=300  \\$a132-40 pages
=500  \\$aPrinted version
=590  \\$aCompendium Musices Latino-Germanicum: Cui recens nunc accedunt, I. Tricinia, II. Fugae, III. Discursus Musicalis, IV. Index Terminorum Musicalium, V. Rudimenta Arithmetica, VI. Appendix nova ad Arithmeticam pertinens
=648  \0$a17th Century (1601-1700)$1http://www.wikidata.org/entity/Q7016$920923
=650  \0$aMusic theory$1http://www.wikidata.org/entity/Q193544$92662
=856  \\$uhttps://bildsuche.digitale-sammlungen.de/index.html?c=viewer&bandnummer=bsb00091138&pimage=00001&v=100&nav=&l=en$3Bavarian State Library
=942  \\$cBOO
=952  \\$00$10$2ddc$40$6TRE_ERHA$70$8TRE$920208$aORPH$bORPH$cKTS1_H$d2021-05-28$eKoopman$i14A20$l0$oTRE ERHA$p20135831$r2021-05-28 00:00:00$w2021-05-28$yBOO
=999  \\$c20100$d20100

