=LDR  01128cam a22002411  4500
=001  20108
=005  20250120115957.0
=008  750410s1945\\\\fr\agh\\\bc\\\000\0bfre\\
=040  \\$aOI
=041  \\$afre
=100  \\$aCrussard, Claude$d1893-1947$4aut$1http://www.wikidata.org/entity/Q59530925$921615
=245  13$aUn musicien français oublié :$bMarc-Antoine Charpentier, 1634-1704
=260  \\$aParis$bFloury$c1945
=300  \\$a127 pages$bill., music, facsims. ;$c22 cm.
=504  \\$a"Catalogue de l'œuvre de Marc-Antoine Charpentier": p. 91-[123]
=600  \0$aCharpentier, Marc-Antoine$d1643-1704$1http://www.wikidata.org/entity/Q55524$910169
=648  \0$a17th Century (1601-1700)$1http://www.wikidata.org/entity/Q7016$920923
=650  \0$aMusic history$1http://www.wikidata.org/entity/Q846047$921373
=650  \0$aBiography$1http://www.wikidata.org/entity/Q36279$91927
=651  \0$aFrance$1http://www.wikidata.org/entity/Q142$9131
=942  \\$cBOO
=952  \\$00$10$2ddc$40$6BIO_CHAR1_D$70$8BIO$920227$aORPH$bORPH$cKTS1_P$d2021-04-12$g10.00$oBIO CHAR1 d$p20136337$r2021-06-02 00:00:00$w2021-06-02$yBOO
=999  \\$c20108$d20108

