=LDR  01021nam a22002417a 4500
=001  20112
=005  20250925143306.0
=008  210614s2018\\\\\\\|||||\||||\00|\0dfre\d
=041  \\$afre
=245  \\$aLe Théâtre Ferranti : $bHistoire d'une famille et d'un théâtre ambulant
=260  \\$aCoirac$bLa Cause du Poulailler$c2018
=300  \\$a195 pages
=590  \\$aOuvrage coordonné par Maryse Belloc
=648  \0$a19th Century (1801-1900)$1http://www.wikidata.org/entity/Q6955$920935
=648  \0$a20th Century (1901-2000)$1http://www.wikidata.org/entity/Q6927$920936
=650  \0$aTheater history$1http://www.wikidata.org/entity/Q1061140$94607
=651  \0$aFrance$1http://www.wikidata.org/entity/Q142$9131
=700  \\$4aut$aLatrille, Sylvie$921696
=700  \\$4aut$aPlazer, Daniel$921697
=700  \\$4edt$aBelloc, Maryse$921698
=942  \\$cBOO
=952  \\$00$10$2ddc$40$6BIO_FERR_D$70$8BIO$920231$aORPH$bORPH$cKTS1_P$d2021-06-14$g16.00$oBIO FERR d$p20136648$r2021-06-14 00:00:00$w2021-06-14$yBOO
=999  \\$c20112$d20112

