=LDR  01124nam a22002417a 4500
=001  20113
=008  210616s1934\\\\\\\|||||\||||\00|\0bdut\d
=041  \\$adut
=100  \\$4aut$aSabbe, Julius$d1846-1910$1http://www.wikidata.org/entity/Q2208295$921704
=245  \\$aPeter Benoit:$bzijn leven, zijne werken, zijne beteekenis
=250  \\$a2nd ed.
=260  \\$aGhent$bVan Rysselberghe & Rombaut$c1934
=300  \\$a118 pages
=490  \\$aUitgave van het Willems-Fonds$v167
=600  \0$aBenoît, Peter$d1834-1901$1http://www.wikidata.org/entity/Q733063$921014
=648  \0$a19th Century (1801-1900)$1http://www.wikidata.org/entity/Q6955$920935
=650  \0$aMusic history$1http://www.wikidata.org/entity/Q846047$921373
=650  \0$aBiography$1http://www.wikidata.org/entity/Q36279$91927
=650  \0$aComposer$1http://www.wikidata.org/entity/Q36834$93625
=651  \0$aFlanders (Belgium)$1http://www.wikidata.org/entity/Q234$989
=942  \\$cBOO
=952  \\$00$10$2ddc$40$6BIO_BENO_D$70$8BIO$920257$aORPH$bORPH$cKTS1_P$d2021-04-12$eKoopman$g10.00$oBIO BENO d$p20136344$r2021-06-16 00:00:00$w2021-06-16$yBOO
=999  \\$c20113$d20113

