=LDR  02391nam a22002295i 4500
=001  20117
=005  20250821124557.0
=008  200714s2021\\\\nyu\\\\\\\\\\\000\0\eng\\
=010  \\$a  2020942225
=020  \\$a9780190686765
=041  \\$aeng
=100  \\$aNakai, Yu$4aut$921725
=245  10$aReminded by the instruments:$bDavid Tudor's music
=260  \\$aNew York$bOxford University Press$c2021
=300  \\$axiii-753 pages
=520  \\$a"David Tudor (1926-1996) is remembered today in two guises: as an extraordinary pianist of postwar avant-garde music who worked closely with composers like John Cage and Karlheinz Stockhausen, influencing the development of graphic notation and indeterminacy; and as a spirited pioneer of live-electronic music who realized idiosyncratic performances based on the interaction of homemade modular instruments, inspiring an entire generation of musicians. However, the fact that Tudor himself did not talk or write much about what he was doing, combined with the esoteric nature of electronic circuits and schematics (for musicologists), has prevented any comprehensive approach to the entirety of his output which actually began with the organ and ended in visual art. As a result, Tudor has remained a puzzle of sorts in spite of his profound influence-perhaps a pertinent status for a figure who was known for his deep love of puzzles. This book sets out to solve the puzzle of David Tudor as a puzzle that David Tudor made, applying Tudor's own methods for approaching other people's materials to the unusually large number of materials that he himself left behind. Patching together instruments, circuits, sketches, notes, diagrams, recordings, receipts, letters, custom declaration forms, testimonies, and recollections like modular pieces of a giant puzzle, the narrative skips over the misleading binary of performer/composer to present a lively portrait of Tudor as a multi-instrumentalist who always realized his music from the nature of specific instruments"--
=650  \0$aComposing$1http://www.wikidata.org/entity/Q92186587$93076
=650  \0$aPiano$1http://www.wikidata.org/entity/Q5994$92127
=650  \0$aAvant-garde$1http://www.wikidata.org/entity/Q102932$921178
=942  \\$cBOO
=952  \\$00$10$2ddc$40$70$920265$aORPH$bORPH$d2021-06-18$l1$p20136715$q2021-12-17$r2021-06-22 00:00:00$s2021-06-22$v65.75$w2021-06-18$yBOO
=999  \\$c20117$d20117

