=LDR  00755cam a2200205 i 4500
=001  20118
=005  20250305123013.0
=008  780504r20201976bccaf\\\\\\\\\000\0\eng\\
=020  \\$a9783981331967
=041  \\$aeng
=100  \\$aZimmermann, Walter$d1892-1980$4aut$921726
=245  10$aDesert Plants:$bConversations with 23 American Musicians
=250  \\$a2nd ed.
=260  \\$aBerlin$aCologne$bBeginner$bMusiktexte$c2020
=300  \\$axii-373 pages
=650  \0$aComposing$1http://www.wikidata.org/entity/Q92186587$93076
=651  \0$aUSA$1http://www.wikidata.org/entity/Q30$943
=942  \\$cBOO
=952  \\$00$10$2ddc$31 CD$40$70$920267$aORPH$bORPH$d2021-06-18$l1$p20136716$q2021-12-17$r2021-06-22 00:00:00$s2021-06-22$v34.99$w2021-06-18$yBOO
=999  \\$c20118$d20118

