=LDR  01002cam a22002418i 4500
=001  20119
=005  20251010154407.0
=008  190215s2019\\\\enk\\\\\\b\\\\001\0\eng\\
=020  \\$a9781107111257
=041  \\$aeng
=245  00$aNineteenth-Century Opera and the Scientific Imagination
=260  \\$aCambridge$aNew York, NY$bCambridge University Press$c2019
=300  \\$axv-381 pages
=504  \\$aIncludes bibliographical references and index
=648  \0$a19th Century (1801-1900)$1http://www.wikidata.org/entity/Q6955$920935
=650  \0$aOpera$1http://www.wikidata.org/entity/Q1344$92468
=650  \0$aMusic history$1http://www.wikidata.org/entity/Q846047$921373
=650  \0$aScience$1http://www.wikidata.org/entity/Q7991$921650
=700  \\$aTrippett, David$d1980-$4edt$919462
=700  \\$aWalton, Benjamin$d-1972$4edt$921727
=942  \\$cBOO
=952  \\$00$10$2ddc$40$70$920268$aORPH$bORPH$d2021-06-18$l1$p20136717$q2021-12-17$r2021-06-22 00:00:00$s2021-06-22$v100.33$w2021-06-18$yBOO
=999  \\$d20119

