=LDR  00632nam a22001097a 4500
=001  20120
=008  210618b\\\\\\\\\\\|||||\||||\00|\0\###\d
=245  \\$aChristoph Breitenfels 1666
=505  \\$aFrommer Kinder Wasser-Trost in Wasser- und aller Noth; Trost-Schrifft an de hochbetrübte Fr. Mutter die Wohl-Erbare Frau Susannen; 
Den unversehehen Hintrit des Wohl-Erbarn und Kunstliebenden Hn. Christoph Breitenfeldes

=942  \\$cBOO
=952  \\$00$10$2ddc$40$6KTS_1_000000000000000_C1_11_26B05AC$70$8RAR$920270$aORPH$bORPH$cKTS1_C1$d2021-06-18$eKoopman$i26B05a-c$l0$oKTS1 C1.11 26B05a-c$p20136753$r2021-06-18 00:00:00$w2021-06-18$yBOO
=999  \\$c20120$d20120

