=LDR  00709nam a22001577a 4500
=001  20124
=008  210622s2021\\\\\\\|||||\||||\00|\0\eng\d
=041  \\$aeng
=100  \\$4aut$aFleischanderl, Franziska$921741
=245  \\$a"Vestito a ponti d'oro e a cento corde in seno":$bHistory, repertoire and playing techniques of the Italian salterio in the eighteenth century
=260  \\$c2021$aLeiden$bLeiden University
=300  \\$a496 pages
=500  \\$aProefschrift ter verkrijging van de graad van doctor aan de Universiteit Leiden 2021
=942  \\$cDIS
=952  \\$00$10$2ddc$40$6MTP_5_000000000000000_FLEI$70$8MTP$920282$aORPH$bORPH$cKM12_1$d2021-06-22$oMTP5 FLEI$p20131254$r2021-06-22 00:00:00$w2021-06-22$yDIS
=999  \\$d20124

