=LDR  00740nam a22001577a 4500
=001  20125
=008  210622s2021\\\\\\\|||||\m|||\00|\0\eng\d
=041  \\$aeng
=100  \\$4aut$aDobbin, Elizabeth$d-1972$921742
=245  \\$aIn search of a politesse du chant:$bRediscovering salon vocal performance practice through the lens of the airs sérieux in the Receuils d'airs serieux et à boire de differents autheurs, 1695-1699
=260  \\$c2021$aLeiden
=300  \\$a210 pages
=500  \\$aProefschrift ter verkrijging van de graad van doctor aan de Universiteit Leiden
=942  \\$cDIS
=952  \\$00$10$2ddc$40$6MTP_5_000000000000000_DOBB$70$8MTP$920283$aORPH$bORPH$cKM12_1$d2021-06-22$oMTP5 DOBB$p20131250$r2021-06-22 00:00:00$w2021-06-22$yDIS
=999  \\$d20125

