=LDR  00640nam a22001577a 4500
=001  20126
=008  210622s2021\\\\\\\|||||\m|||\00|\0\eng\d
=041  \\$aeng
=100  \\$4aut$aEdwards, Mark T. C.$921743
=245  \\$aMoving Early Music:$bImprovisation and Work-Concept in Seventeenth-Century French Keyboard Performance
=260  \\$c2021$aLeiden
=300  \\$a270 pages
=500  \\$aProefschrift ter verkrijging van de graad van doctor aan de Universiteit Leiden
=942  \\$cDIS
=952  \\$00$10$2ddc$40$6MTP_5_000000000000000_EDWA$70$8MTP$920284$aORPH$bORPH$cKM12_1$d2021-06-22$oMTP5 EDWA$p20131251$r2021-06-22 00:00:00$w2021-06-22$yDIS
=999  \\$d20126

