=LDR  00607nam a22001577a 4500
=001  20127
=008  210622s2020\\\\\\\|||||\||||\00|\0\eng\d
=041  \\$aeng
=100  \\$4aut$aWithers, Stanimira$d-1974$921744
=245  \\$aMusika:$bThe Becoming of an Artistic Musical Metaphysics
=260  \\$c2020$aLeiden
=300  \\$a259 pages
=500  \\$aProefschrift ter verkrijging van de graad van doctor aan de Universiteit Leiden
=942  \\$cDIS
=952  \\$00$10$2ddc$40$6MTP_5_000000000000000_WITH$70$8MTP$920285$aORPH$bORPH$cKM12_1$d2021-06-22$oMTP5 WITH$p20131249$r2021-06-22 00:00:00$w2021-06-22$yDIS
=999  \\$c20127$d20127

