=LDR  00613nam a22001577a 4500
=001  20128
=008  210622s2020\\\\\\\|||||\m|||\00|\0\eng\d
=041  \\$aeng
=100  \\$4aut$aFairbairn, Kevin$d-1987$921745
=245  \\$aPoiesis and the Performance Practice of Physically Polyphonic Notations
=260  \\$aLeiden$c2020
=300  \\$a188 pages
=500  \\$aProefschrift ter verkrijging van de graad van doctor aan de Universiteit Leiden
=942  \\$cDIS
=952  \\$00$10$2ddc$40$6MTP_5_000000000000000_FAIR$70$8MTP$920286$aORPH$bORPH$cKM12_1$d2021-06-22$oMTP5 FAIR$p20131248$r2021-06-22 00:00:00$w2021-06-22$yDIS
=999  \\$d20128

