=LDR  00656nam a22001577a 4500
=001  20129
=008  210622s2020\\\\\\\|||||\m|||\00|\0\eng\d
=041  \\$aeng
=100  \\$4aut$aBoulos, Issa$d-1968$921746
=245  \\$aThe Palestinian Music-Making Experience in the West Bank, 1920s to 1959:$bNationalism, Colonialism and Identity
=260  \\$aLeiden$c2020
=300  \\$a370 pages
=500  \\$aProefschrift ter verkrijging van de graad van doctor aan de Universiteit Leiden
=942  \\$cDIS
=952  \\$00$10$2ddc$40$6MTP_5_000000000000000_BOUL$70$8MTP$920287$aORPH$bORPH$cKM12_1$d2021-06-22$oMTP5 BOUL$p20131252$r2021-06-22 00:00:00$w2021-06-22$yDIS
=999  \\$c20129$d20129

