=LDR  00609nam a22001577a 4500
=001  20130
=008  210622s2020\\\\\\\|||||\m|||\00|\0\eng\d
=041  \\$aeng
=100  \\$4aut$aChiu, Kai-Wen$921747
=245  \\$aPhónè and the Political Potential of Metal Music:$bA Scholarly Intervention
=260  \\$aLeiden$c2020
=300  \\$a197 pages
=500  \\$aProefschrift ter verkrijging van de graad van doctor aan de Universiteit Leiden
=942  \\$cDIS
=952  \\$00$10$2ddc$40$6MTP_5_000000000000000_CHIU$70$8MTP$920288$aORPH$bORPH$cKM12_1$d2021-06-22$oMTP5 CHIU$p20131253$r2021-06-22 00:00:00$w2021-06-22$yDIS
=999  \\$d20130

