=LDR  01882nam a2200253 a 4500
=001  20131
=005  20250925143306.0
=008  960905s1995\\\\gw\a\\\\\\\\\\000\0dger\d
=020  \\$a3923997655
=041  \\$ager
=245  10$aZwischentöne:$bFragen an Musiker zum Musikgeschehen der Gegenwart
=260  \\$aHofheim$bWolke$c1995
=300  \\$a319 pages
=520  \\$aIdee dieser Ausgabe war, Komponisten, Dirigenten, Instrumentalsolisten und Sängern zu bestimmten Themenbereichen standardisierte Fragen vorzulegen. Die Autoren haben darauf verzichtet, kommentierend oder summierend einzugreifen, denn der Reiz für den Leser soll aus seinem direkten Vergleich der Antworten resultieren. Das Buch zeigt eine Vielzahl von Ansichten, die heutige Kunst und ein sich wandelnder Kunstbetrieb möglich machen und lässt zuweilen Konträres direkt nebeneinander aufscheinen. Insgesamt ist ein lesenswertes, lehrreiches wie vergnügliches ›Kompendium‹ zum Musikgeschehen der Gegenwart entstanden.

Musikergespräche u.a. mit: Mauricio Boulez, Michael Gielen, Cristóbal Halffter, Nikolaus Harnoncourt, Mauricio Kagel, Gidon Kremer, Krzysztof Penderecki, Wolfgang Sawallisch, Heinrich Schiff, Peter Schreier, Mitsuko Uchida, Hans Zender…
=648  \0$a20th Century (1901-2000)$1http://www.wikidata.org/entity/Q6927$920936
=650  \0$aComposer$1http://www.wikidata.org/entity/Q36834$93625
=650  \0$aConductor$1http://www.wikidata.org/entity/Q158852$93134
=650  \0$aSinger$1http://www.wikidata.org/entity/Q177220$93915
=650  \0$aInstrumentalist$1http://www.wikidata.org/entity/Q1278335$921706
=700  \\$aHaffner, Ingrid$4ivr$921748
=700  \\$aHaffner, Herbert$4ivr$921749
=942  \\$cBOO
=952  \\$00$10$2ddc$40$6AES_HAFF$70$8AES$920289$aORPH$bORPH$cKM12_1$d2021-06-22$l1$oAES HAFF$p20131259$q2021-12-24$r2021-06-29 00:00:00$s2021-06-29$w2021-06-22$yBOO
=999  \\$d20131

