=LDR  00934nam a22002177a 4500
=001  20132
=005  20250925143306.0
=008  210622s2010\\\\\\\|||||\||||\00|\0\ger\d
=020  \\$a9783412202453
=041  \\$ager
=100  \\$4aut$aHoltsträter, Knut$921750
=245  \\$aMauricio Kagels musikalisches Werk:$bDer Komponist als Erzähler, Medienarrangeur und Sammler
=260  \\$aCologne$aWeimar$aVienna$bBöhlau$c2010
=300  \\$a322 pages
=490  \\$aSchriftenriehe der Hochschule für Musik Franz Liszt$v5
=648  \0$a20th Century (1901-2000)$1http://www.wikidata.org/entity/Q6927$920936
=650  \0$aComposer$1http://www.wikidata.org/entity/Q36834$93625
=650  \0$aCollecting$1http://www.wikidata.org/entity/Q208165$92117
=942  \\$cBOO
=952  \\$00$10$2ddc$40$6BIO_KAGE_D$70$8BIO$920291$aORPH$bORPH$cKTS1_P$d2021-06-22$l2$oBIO KAGE d$p20131257$r2023-02-06 00:00:00$s2023-01-12$v49.00$w2021-06-22$yBOO
=999  \\$c20132$d20132

