=LDR  00727nam a22001937a 4500
=001  20133
=008  210622s2005\\\\\\\ao|||\||||\00|\0\ger\d
=020  \\$a3894875240
=041  \\$ager
=100  \\$4cst$4std$aRupprecht, Martin$921751
=245  \\$aBühnenbilder und Kostüme
=260  \\$aBerlin$bHenschel$c2005
=300  \\$a295 pages
=650  \0$aTheater history$1http://www.wikidata.org/entity/Q1061140$94607
=650  \0$aOpera$1http://www.wikidata.org/entity/Q1344$92468
=700  \\$4edt$aSchirmer, Lothar$d-1945$921752
=942  \\$cBOO
=952  \\$00$10$2ddc$40$6VIS_RUPP$70$8VIS$920292$aORPH$bORPH$cKTS1_H$d2021-06-22$l1$oVIS RUPP$p20131256$q2021-12-24$r2021-06-29 00:00:00$s2021-06-29$v58.90$w2021-06-22$yBOO
=999  \\$c20133$d20133

