=LDR  02342cjm a2200349 a 4500
=001  20134
=005  20250507121732.0
=008  870608s1982\\\\gw\mun\\\i\\\\\\\\\\\\\\\
=041  0\$ager
=110  \\$aPro Musica da Camera$4prf$921753
=245  10$aPrima Vista
=260  \\$aWedemark$bThorofon Capella$c[1982?]
=300  \\$a1 LP$banalog, 33 1/3 rpm, stereo$c12 in.
=500  \\$aIn part chance compositions.
=500  \\$aThe 1st work for violoncello and harpsichord; the 2nd and 5th for harpsichord, flute, and violoncello; the 3rd for violoncello; the 4th for harpsichord, synthesizer, and tape; the 6th and 9th for harpsichord, flute, violin, and violoncello; the 7th for flute; the 8th for harpsichord.
=500  \\$aProgram notes by Dr. Claude Ambroise on container.
=505  0\$aPrima vista / Mauricio Kagel (4:44) -- November ; und, December / Earle Brown (4:15) -- Variations I / John Cage (3:31) -- Catch I / Roman Haubenstock-Ramati (8:03) -- Spektren ; Kommunikation ; und, Ubereinstimmung / Karlheinz Stockhausen (5:44) -- New Delhi music / Wolfgang Fortner (10:12) -- Aristofaniada / Klaus Hinrich Stahmer (6:52) -- Passacaglia ungherese / György Ligeti (4:50) -- Madrigal II / Henri Pousseur (4:55).
=511  0\$aPro Musica da Camera (Flute, violin, violoncello, harpsichord).
=518  \\$aRecorded in Wedemark and Würzburg.
=650  \0$aInstrumental music$1http://www.wikidata.org/entity/Q639197$92106
=700  \\$aKagel, Mauricio$d1931-2008$4cmp$1http://www.wikidata.org/entity/Q178293$916378
=700  \\$aBrown, Earle$d1926-2002$1http://www.wikidata.org/entity/Q1277459$921754
=700  \\$aCage, John$d1912-1992$4cmp$1http://www.wikidata.org/entity/Q180727$916600
=700  \\$aHaubenstock-Ramati, Roman$4cmp$921755
=700  \\$aStockhausen, Karlheinz$d1928-2007$4cmp$1http://www.wikidata.org/entity/Q37546939$915865
=700  \\$aFortner, Wolfgang$d1907-1987$4cmp$917643
=700  \\$aStahmer, Klaus Hinrich$d1941-$4cmp$921756
=700  \\$aLigeti, György$d1923-2006$4cmp$1http://www.wikidata.org/entity/Q154331$917536
=700  \\$aPousseur, Henri$d1929-2009$4cmp$1http://www.wikidata.org/entity/Q739405$917794
=942  \\$cREC
=952  \\$00$10$2ddc$40$70$8REC$920293$aORPH$bORPH$cKM12_2_B$d2021-06-22$l1$p20131260$q2021-12-24$r2021-06-29 00:00:00$s2021-06-29$w2021-06-22$yREC
=999  \\$c20134$d20134

