=LDR  01026cjm a22001811a 4500
=001  20135
=008  870903s1982\\\\gw\mun\\\\\\\\\\\\\\ger\\
=041  0\$ager
=245  00$aEpochen der Zupfmusik
=260  \\$aGermany$bUnisono$c1982
=300  \\$a1 LP$banalog, 33 1/3 rpm, stereo
=520  \\$aCapriccio für Zupforchester / Hans Gal -- Musi / Mauricio Kagel -- Divertimento in D "In meines Vaters Garten" / Herbert Baumann -- Konzert für Gitarre und Zupforchester / Silvius Leopold Weiss ; bearb. Siegfried Behrend -- Overtura con mandolini D-Dur / Niccolò Piccini -- Suite Nr. VIII d-moll "Für Wolfgang" / Leopold Mozart ; bearb. Konrad Wölki.
=650  \0$aInstrumental music$1http://www.wikidata.org/entity/Q639197$92106
=700  \\$aSiegwarth, Günther$4cnd$921757
=710  \\$aJugendzupforchester Baden-Württemberg$921758
=942  \\$cREC
=952  \\$00$10$2ddc$40$6REC_12_000000000000000_SIEG_1982$70$8REC$920294$aORPH$bORPH$cKM12_2_B$d2021-06-22$oREC 12 SIEG 1982$p20131261$r2021-06-22 00:00:00$w2021-06-22$yREC
=999  \\$d20135

