=LDR  01245nam a2200277 a 4500
=001  20139
=003  OI
=005  20250305120515.0
=008  020128s1943\\\\be\\\\\\r\\\\\000\0bdut\d
=040  \\$aOI
=041  \\$adut
=100  \\$aCorbet, August$d1907-1964$4aut$1http://www.wikidata.org/entity/Q41883503$918177
=245  10$aPeter Benoit:$bleven, werk en beteekenis
=260  \\$aAntwerp$bStandaard$c1943
=300  \\$a536 p.: ill.; muz.
=490  0\$aKoninklijke Vlaamsche Academie voor Taal- en Letterkunde$vReerks VI, 67
=600  \0$aBenoît, Peter$d1834-1901$1http://www.wikidata.org/entity/Q733063$921014
=648  \0$a19th Century (1801-1900)$1http://www.wikidata.org/entity/Q6955$920935
=650  \0$aMusic history$1http://www.wikidata.org/entity/Q846047$921373
=650  \0$aComposer$1http://www.wikidata.org/entity/Q36834$93625
=650  \0$aBiography$1http://www.wikidata.org/entity/Q36279$91927
=650  \0$aNationalism$1http://www.wikidata.org/entity/Q6235$921454
=651  \0$aFlanders (Belgium)$1http://www.wikidata.org/entity/Q234$989
=942  \\$cBOO
=952  \\$00$10$2ddc$40$6BIO_BENO_D$70$8BIO$920302$aORPH$bORPH$cKTS1_P$d2021-06-28$eKoopman$oBIO BENO d$p20131263$r2021-06-28 00:00:00$w2021-06-28$yBOO
=999  \\$c20139$d20139

