=LDR  00831nam a22002057a 4500
=001  20140
=008  210628s2021\\\\\\\o||||\||||\00|\0\dut\d
=020  \\$a9789462702660
=041  \\$adut
=100  \\$4aut$aCuyper, Bert De$921785
=245  \\$aMusiceren is topsport:$bPrestatiepsychologie voor muzikanten op en naast het podium
=260  \\$aLeuven$bLeuven University Press$c2021
=300  \\$a260 pages
=650  \0$aMusic education$1http://www.wikidata.org/entity/Q27908$921766
=650  \0$aMusic psychology$1http://www.wikidata.org/entity/Q476590$921788
=700  \\$4aut$aBaert, Griet$921786
=700  \\$4aut$aVerjans, Linde$921787
=942  \\$cBOO
=952  \\$00$10$2ddc$40$6AES_DECU$70$8AES$920303$aORPH$bORPH$cKM12_1$d2021-06-28$l1$m1$oAES DECU$p20136798$r2024-11-14 12:27:17$s2022-01-11$v25.00$w2021-06-28$yBOO
=999  \\$c20140$d20140

