=LDR  01224nam a22002537a 4500
=001  20141
=005  20250925143306.0
=008  210628s1976\\\\\\\|||||\||||\00|\0\ger\d
=041  \\$ager$adut
=245  \\$aBabel/schrift:$bMauricio Kagel
=260  \\$aHilversum$bK.R.O.$c1976
=300  \\$a53 pages
=490  \\$aliteraire uitzendingen
=500  \\$aProgram book of four radio shows, broadcasted in December 1974
=610  \0$aKatholieke Radio Omroep (Netherlands)$921790
=648  \0$a20th Century (1901-2000)$1http://www.wikidata.org/entity/Q6927$920936
=650  \0$aComposer$1http://www.wikidata.org/entity/Q36834$93625
=650  \0$aMusic criticism$1http://www.wikidata.org/entity/Q11748889$921598
=700  \\$4ive$aKagel, Mauricio$d1931-2008$1http://www.wikidata.org/entity/Q178293$916378
=700  \\$4aut$4ivr$aRossum, Frank van$921789
=942  \\$cBOO
=952  \\$00$10$2ddc$40$6BIO_KAGE_A$70$8BIO$920304$aORPH$bORPH$cKTS1_P$d2021-06-27$l1$oBIO KAGE a$p20136799$q2021-12-24$r2021-06-29 00:00:00$s2021-06-29$v17.00$w2021-06-28$yBOO
=952  \\$00$10$2ddc$40$6BIO_KAGE_A$70$8BIO$920305$aORPH$bORPH$cKTS1_P$d2021-06-27$l1$oBIO KAGE a$p20136800$q2021-12-24$r2021-06-29 00:00:00$s2021-06-29$w2021-06-28$yBOO
=999  \\$d20141

