=LDR  00759nam a22001937a 4500
=001  20142
=008  210628s1977\\\\\\\o||||\||||\00|\0\ger\d
=041  \\$ager
=100  \\$4edt$aPeters, Kurt$921793
=245  \\$aDas Tanzarchiv:$bDeutsche Zeitung für Tanzkunst und Folklore
=260  \\$aCologne$bDas Tanzarchiv$c1977
=300  \\$a40 pages
=490  \\$vvol. 25, no. 1
=650  \0$aDance$1http://www.wikidata.org/entity/Q6034$924845
=650  \0$aBallet$1http://www.wikidata.org/entity/Q41425$94412
=650  \0$aTheater history$1http://www.wikidata.org/entity/Q1061140$94607
=942  \\$cBOO
=952  \\$00$10$2ddc$40$70$8HUM$920306$aORPH$bORPH$cKM12_1$d2021-06-28$l1$p20136801$q2021-12-24$r2021-06-29 00:00:00$s2021-06-29$v18.00$w2021-06-28$yPER
=999  \\$c20142$d20142

