=LDR  00826nam a22002057a 4500
=001  20143
=005  20251001162234.0
=008  210628s2004\\\\\\\|||||\m|||\00|\0\ger\d
=020  \\$a9783640337132
=041  \\$ager
=100  \\$4aut$aBrix, Christian$921794
=245  \\$a"Ludwig van":$bZu Mauricio Kagels Beethoven-Film
=260  \\$aNorderstedt$bGRIN$c2004
=300  \\$a109 pages
=600  \0$aKagel, Mauricio$d1931-2008$1http://www.wikidata.org/entity/Q178293$916378
=650  \0$aMusic criticism$1http://www.wikidata.org/entity/Q11748889$921598
=650  \0$aAesthetics$1http://www.wikidata.org/entity/Q35986$921494
=942  \\$cBOO
=952  \\$00$10$2ddc$40$6BIO_KAGE_E$70$8BIO$920307$aORPH$bORPH$cKTS1_P$d2021-06-28$l1$oBIO KAGE e$p20136802$q2021-12-24$r2021-06-29 00:00:00$s2021-06-29$v29.99$w2021-06-28$yBOO
=999  \\$c20143$d20143

