=LDR  00685ncm a22001697a 4500
=001  20144
=008  210628r19761963\\\||l||\||||\00|\0\ger\d
=041  \\$ager
=059  \\$av perc
=100  \\$4cmp$aKagel, Mauricio$d1931-2008$1http://www.wikidata.org/entity/Q178293$916378
=245  \\$aPhonophonie:$bvier Melodramen für zwei Stimmen und andere Schallquellen
=260  \\$aLondon$bUniversal$c1976
=300  \\$a[ii]-53-[4] pages
=650  \0$aVocal music$1http://www.wikidata.org/entity/Q685884$93319
=942  \\$cSCO
=952  \\$00$10$2ddc$40$6SCO_KAGE$70$8SCO$920308$aORPH$bORPH$cKTS1_P$d2021-06-28$l1$oSCO KAGE$p20136803$q2021-12-24$r2021-06-29 00:00:00$s2021-06-29$w2021-06-28$ySCO
=999  \\$d20144

