=LDR  01408cam a2200289 a 4500
=001  20145
=005  20250120120159.0
=008  971203s1998\\\\nyu\\\\\\b\\\\001\0aeng\\
=020  \\$a0198166885
=040  \\$aOI
=041  0\$aeng
=100  \\$aLiszt, Franz$d1811-1886$4aut$1http://www.wikidata.org/entity/Q41309$917400
=245  10$aSelected Letters
=260  \\$aOxford$bClarendon$aNew York$bOxford University Press$c1998
=300  \\$axxxix-1063 pages$c25 cm
=504  \\$aIncludes bibliographical references (p. [1014]-1016) and indexes.
=600  \0$aLiszt, Franz$d1811-1886$1http://www.wikidata.org/entity/Q41309$917400
=648  \0$a19th Century (1801-1900)$1http://www.wikidata.org/entity/Q6955$920935
=650  \0$aComposer$1http://www.wikidata.org/entity/Q36834$93625
=650  \0$aCorrespondence$1http://www.wikidata.org/entity/Q1784733$921392
=700  1\$aWilliams, Adrian,$d1956-$4edt$4trl
=856  \\$uhttp://www.loc.gov/catdir/enhancements/fy0605/97050595-d.html$3Publisher description
=856  \\$uhttp://www.loc.gov/catdir/enhancements/fy0605/97050595-t.html$3Table of contents only
=856  \\$uhttp://www.loc.gov/catdir/enhancements/fy0723/97050595-b.html$3Contributor biographical information
=942  \\$cBOO
=952  \\$00$10$2ddc$40$6BIO_LISZ_A$70$8BIO$920312$aORPH$bORPH$cKTS1_P$d2021-06-30$g82.10$oBIO LISZ a$p20131267$r2021-06-30 00:00:00$w2021-06-30$yBOO
=999  \\$c20145$d20145

