=LDR  01511cam a22002534a 4500
=001  20146
=005  20250120120112.0
=008  041221s2005\\\\nyua\\\\\b\\\\001\0deng\\
=020  \\$a0801443636 (cloth : alk. paper)
=040  \\$aOI
=041  \\$aeng
=100  1\$aWalker, Alan,$d1930-$4aut
=245  10$aReflections on Liszt
=260  \\$aIthaca, NY$bCornell University Press$c2005
=300  \\$axvii-277 pages$bill.$c25 cm
=504  \\$aIncludes bibliographical references (p. [257]-262) and index.
=505  0\$aBeethoven's Weihekuss revisited -- Liszt and the Beethoven symphonies -- Liszt and the Schubert song transcriptions -- Schumann, Liszt, and the C major fantasie, op. 17 : a study in declining relationships -- Liszt and his pupils : three character sketches -- Liszt's Sonata in B minor -- Liszt and the Lied -- Liszt as editor -- Liszt's technical studies : some thoughts and afterthoughts -- Liszt the writer : on music and musicians -- Epilogue : an open letter to Franz Liszt.
=600  \0$aLiszt, Franz$d1811-1886$1http://www.wikidata.org/entity/Q41309$917400
=648  \0$a19th Century (1801-1900)$1http://www.wikidata.org/entity/Q6955$920935
=650  \0$aMusic history$1http://www.wikidata.org/entity/Q846047$921373
=856  \\$uhttp://www.loc.gov/catdir/toc/ecip055/2004030467.html$3Table of contents
=942  \\$cBOO
=952  \\$00$10$2ddc$40$6BIO_LISZ_E$70$8BIO$920313$aORPH$bORPH$cKTS1_P$d2021-06-30$g20.71$oBIO LISZ e$p20131268$r2021-06-30 00:00:00$w2021-06-30$yBOO
=999  \\$c20146$d20146

