=LDR  01184cam a2200289 a 4500
=001  20147
=005  20250120120159.0
=008  870831m19879999nyuacgj\\b\\\\001\0beng\\
=020  \\$a0801494214
=040  \\$aOI
=041  \\$aeng
=100  1\$aWalker, Alan,$d1930-$4aut
=245  10$aFranz Liszt:$bThe Virtuoso Years, 1811-1847
=250  \\$a6th rev. ed.
=260  \\$aIthaca, NY$bCornell University Press$c2004
=300  \\$a484 pages$bill., ports., music, gen. tabs. ;$c24 cm.
=500  \\$aIncludes index.
=504  \\$aBibliography: v. 1, p. 449-462.
=534  \\$aOriginally published in 1983; rev. ed. originally published in 1987
=600  \0$aLiszt, Franz$d1811-1886$1http://www.wikidata.org/entity/Q41309$917400
=648  \0$a19th Century (1801-1900)$1http://www.wikidata.org/entity/Q6955$920935
=650  \0$aComposer$1http://www.wikidata.org/entity/Q36834$93625
=650  \0$aBiography$1http://www.wikidata.org/entity/Q36279$91927
=650  \0$aPianists$93648$vBiography.$zAustria
=942  \\$cBOO
=952  \\$00$10$2ddc$40$6BIO_LISZ_D$70$8BIO$920314$aORPH$bORPH$cKTS1_P$d2021-06-30$g16.85$oBIO LISZ d$p20131269$r2021-06-30 00:00:00$w2021-06-30$yBOO
=999  \\$c20147$d20147

