=LDR  01133nam a22002897a 4500
=001  20158
=008  210702b\\\\\\\\\\\|||||\||||\00|\0\###\d
=020  \\$a9789198229776
=040  \\$aMB
=041  \\$aswe$hfre
=059  \\$a2fl
=100  \\$4cmp$aAtys$d1715-1784$1http://www.wikidata.org/entity/Q2870199$921821
=110  \\$aLunds Universitet (Sweden)$1http://www.wikidata.org/entity/Q218506$91658
=245  \\$aClef Facile et Méthodique
=260  \\$aMalmö$bMalmö Academy of Music$c2015
=300  \\$a[ii]-41 pages$bmusic
=336  \\$anotated music
=336  \\$aprinted
=490  \\$aThe flautists vademecum$vŒuvre V
=500  \\$aIncludes English introduction.
=648  \0$a18th Century (1701-1800)$1http://www.wikidata.org/entity/Q7015$920899
=650  \0$aBaroque$1http://www.wikidata.org/entity/Q37853$921255
=650  \0$aMethod$1http://www.wikidata.org/entity/Q2250960$921402
=700  \\$aLjungar-Chapelon, Anders$d-1955$4cmm$917340
=942  \\$cSCO
=952  \\$00$10$2ddc$40$6SCO_ATYS$70$8SCO$920331$aORPH$bORPH$cKTS1_P$d2021-07-02$l0$oSCO ATYS$p20134717$r2021-07-02 00:00:00$w2021-07-02$ySCO
=999  \\$c20158$d20158

