=LDR  00983ncm a22002537a 4500
=001  20162
=008  210702b\\\\\\\\\\\||l||\||||\00|\0\\\\\d
=020  \\$a0193721511
=040  \\$aMB
=041  \\$aeng
=059  \\$aorg/hpd/pf
=100  \\$4cmp$aArne, Thomas$d1710-1778$1http://www.wikidata.org/entity/Q309709$94749
=245  \\$aA Keyboard Allegro
=260  \\$aOxford$bOxford University Press$c1973
=300  \\$a4 pages$bmusic
=336  \\$anotated music
=336  \\$aprinted
=648  \0$a18th Century (1701-1800)$1http://www.wikidata.org/entity/Q7015$920899
=650  \0$aKeyboard music$1http://www.wikidata.org/entity/Q105715630$921412
=651  \0$aUnited Kingdom$1http://www.wikidata.org/entity/Q21$9273
=700  \\$4edt$aHogwood, Christopher$d1941-2014$1http://www.wikidata.org/entity/Q435198$918287
=942  \\$cSCO
=952  \\$00$10$2ddc$40$6SCO_ARNE$70$8SCO$920336$aORPH$bORPH$cKTS1_P$d2021-07-02$l0$oSCO ARNE$p20135908$r2021-07-02 00:00:00$w2021-07-02$ySCO
=999  \\$d20162

