=LDR  01109cam a2200265 a 4500
=001  20165
=005  20250120120159.0
=008  870831m19879999nyuacgj\\b\\\\001\0beng\\
=020  \\$a0801484537
=040  \\$aOI
=041  \\$aeng
=100  \\$aWalker, Alan$d-1930$4aut$1http://www.wikidata.org/entity/Q434622$921831
=245  10$aFranz Liszt:$cThe Final Years, 1861-1886
=250  \\$aRev. ed.
=260  \\$aIthaca, NY$bCornell University Press$c1997
=300  \\$a594 pages$bill., ports., music, gen. tabs. ;$c24 cm.
=500  \\$aIncludes index.
=600  \0$aLiszt, Franz$d1811-1886$1http://www.wikidata.org/entity/Q41309$917400
=648  \0$a19th Century (1801-1900)$1http://www.wikidata.org/entity/Q6955$920935
=650  \0$aComposer$1http://www.wikidata.org/entity/Q36834$93625
=650  \0$aPianist$1http://www.wikidata.org/entity/Q486748$92959
=650  \0$aBiography$1http://www.wikidata.org/entity/Q36279$91927
=942  \\$cBOO
=952  \\$00$10$2ddc$40$6BIO_LISZ_D$70$8BIO$920339$aORPH$bORPH$cKTS1_P$d2021-07-02$g24.21$oBIO LISZ d$p20131271$r2021-07-02 00:00:00$w2021-07-02$yBOO
=999  \\$c20165$d20165

