=LDR  01131cam a22002531  4500
=001  20166
=005  20250121142133.0
=008  810526s1954\\\\gw\acg\\\\\\\\000\0dger\\
=040  \\$aOI
=041  \\$ager
=100  \\$aBeethoven, Ludwig van$d1770-1827$4aut$1http://www.wikidata.org/entity/Q255$95335
=245  00$aBeethoven:$bSein Leben in Selbstzeugnissen, Briefen und Berichten
=260  \\$aBerlin$bNeff$c1954
=300  \\$a432 pages
=600  \0$aBeethoven, Ludwig van$d1770-1827$1http://www.wikidata.org/entity/Q255$95335
=648  \0$a18th Century (1701-1800)$1http://www.wikidata.org/entity/Q7015$920899
=648  \0$a19th Century (1801-1900)$1http://www.wikidata.org/entity/Q6955$920935
=650  \0$aComposer$1http://www.wikidata.org/entity/Q36834$93625
=650  \0$aDiary$1http://www.wikidata.org/entity/Q185598$921711
=650  \0$aCorrespondence$1http://www.wikidata.org/entity/Q1784733$921392
=700  \\$aLey, Stephan$4aut$921832
=942  \\$cBOO
=952  \\$00$10$2ddc$40$6BIO_BEET_A$70$8BIO$920340$aORPH$bORPH$cKTS1_P$d2021-07-02$g8.59$oBIO BEET a$p20131272$r2021-07-02 00:00:00$w2021-07-02$yBOO
=999  \\$c20166$d20166

