=LDR  01462nam a22002897a 4500
=001  20169
=008  210702s1885\\\\\\\|||||\||||\00|\p\fre\d
=041  \\$afre
=100  \\$4edt$aDumersan, Théophile Marion$d1780-1849$1http://www.wikidata.org/entity/Q2066224$95333
=245  \\$aChansons nationales et populaires de France
=250  \\$aNew ed.
=260  \\$aParis$bDentu$c1885
=300  \\$aviii-632 pages
=500  \\$aNo notated music, contrary to the 1st ed. (see 03I36 for vol. 3)
=534  \\$aOriginally published in 1843-44
=561  \\$aEx libris Lodewijk Krinkels (plate) & Ghent University (stamps)
=590  \\$aprécédées d'une histoire de la chanson française et accompagnées de notices historiques et littéraires
=610  \0$aOpéra-Comique (Paris, France)$1http://www.wikidata.org/entity/Q872222$920953
=648  \0$a18th Century (1701-1800)$1http://www.wikidata.org/entity/Q7015$920899
=648  \0$a19th Century (1801-1900)$1http://www.wikidata.org/entity/Q6955$920935
=650  \0$aSong$1http://www.wikidata.org/entity/Q7366$94164
=650  \0$aVaudeville$1http://www.wikidata.org/entity/Q17118203$921841
=650  \0$aOpera$1http://www.wikidata.org/entity/Q1344$92468
=651  \0$aFrance$1http://www.wikidata.org/entity/Q142$9131
=942  \\$cBOO
=952  \\$00$10$2ddc$40$6KTS_1_000000000000000_H_10_034$70$8RAR$920345$aORPH$bORPH$cKTS1_H$d2021-07-02$l0$oKTS1 H.10.034$p20136870$r2021-07-02 00:00:00$w2021-07-02$yBOO
=999  \\$d20169

