=LDR  01242nam a22002297a 4500
=001  20173
=005  20250925143306.0
=008  210705s1981\\\\\\\|||||\||||\00|\0bdut\d
=041  \\$aeng
=100  \\$4aut$aWhitesitt, Linda$921850
=245  \\$aThe Life and Music of George Antheil (1900-1959)
=260  \\$aCollege Park, MD$bUniversity of Maryland$c1981
=300  \\$a2 vols. (745 pages)
=590  \\$aDissertation submitted to the Faculty of the Graduate School of the University of Maryland in partial fulfillment of the requirements for the degree of Doctor of Philosophy
=600  \0$aAntheil, George$d1900-1959$1http://www.wikidata.org/entity/Q137739$917105
=648  \0$a20th Century (1901-2000)$1http://www.wikidata.org/entity/Q6927$920936
=650  \0$aBiography$1http://www.wikidata.org/entity/Q36279$91927
=650  \0$aComposer$1http://www.wikidata.org/entity/Q36834$93625
=942  \\$cBOO
=952  \\$00$10$2ddc$3vol. 1$40$6BIO_ANTH_D$70$8BIO$920349$aORPH$bORPH$cKTS1_P$d2021-07-05$g48.33$l0$oBIO ANTH d$p20131273$r2021-07-05 00:00:00$w2021-07-05$yBOO
=952  \\$00$10$2ddc$3vol. 2$40$6BIO_ANTH_D$70$8BIO$920350$aORPH$bORPH$cKTS1_P$d2021-07-05$g48.33$l0$oBIO ANTH d$p20131274$r2021-07-05 00:00:00$w2021-07-05$yBOO
=999  \\$c20173$d20173

