=LDR  00892nam a2200217 a 4500
=001  20175
=005  20250925143306.0
=008  001114s1979\\\\be\\\\\\r\\\\\000\0bdut\d
=040  \\$aOI
=041  \\$adut
=100  \\$aDille, Denijs$d1904-2005$4aut$1http://www.wikidata.org/entity/Q2428060$916252
=245  14$aHet werk van Béla Bartók
=260  \\$aAntwerp$bMetropolis$c1979
=300  \\$a264 p.: ill.
=600  \0$aBartók, Béla$d1881-1945$1http://www.wikidata.org/entity/Q83326$916182
=648  \0$a20th Century (1901-2000)$1http://www.wikidata.org/entity/Q6927$920936
=650  \0$aComposer$1http://www.wikidata.org/entity/Q36834$93625
=650  \0$aBiography$1http://www.wikidata.org/entity/Q36279$91927
=942  \\$cBOO
=952  \\$00$10$2ddc$40$6BIO_BART_D$70$8BIO$920352$aORPH$bORPH$cKTS1_P$d2021-07-05$g15.00$oBIO BART d$p20131276$r2021-07-05 00:00:00$w2021-07-05$yBOO
=999  \\$c20175$d20175

