=LDR  01749cam a22003494a 4500
=001  20177
=005  20250821124557.0
=008  070725s2007\\\\sw\g\\\\\b\\\\001\0deng\\
=020  \\$a9789185974009
=040  \\$aOI
=041  \\$aeng
=100  \\$aSkowroneck, Tilman$4aut$916235
=245  10$aBeethoven the Pianist:$bBiographical, organological, and performance-practical aspects of his years as a public performer
=260  \\$aGöteborg$bGöteborg University$c2007
=300  \\$a424 p. :$bmusic ;$c24 cm.
=490  0\$aSkrifter från institutionen för musikvetenskap, Göteborgs universitet$x1650-9285$v84
=500  \\$aAbstract laid in.
=502  \\$aThesis (Ph. D.)--Göteborg University, 2007.
=504  \\$aIncludes bibliographical references (p. 408-420) and index.
=600  \0$aBeethoven, Ludwig van$d1770-1827$1http://www.wikidata.org/entity/Q255$95335
=648  \0$a18th Century (1701-1800)$1http://www.wikidata.org/entity/Q7015$920899
=648  \0$a19th Century (1801-1900)$1http://www.wikidata.org/entity/Q6955$920935
=650  \0$aPiano$1http://www.wikidata.org/entity/Q5994$92127
=650  \0$aPianist$1http://www.wikidata.org/entity/Q486748$92959
=650  \0$aComposer$1http://www.wikidata.org/entity/Q36834$93625
=650  \0$aKeyboard music$1http://www.wikidata.org/entity/Q105715630$921412
=650  \0$aBiography$1http://www.wikidata.org/entity/Q36279$91927
=650  \0$aOrganology$1http://www.wikidata.org/entity/Q899293$921400
=650  \0$aHistorically informed performance$1http://www.wikidata.org/entity/Q1344860$920980
=942  \\$cBOO
=952  \\$00$10$2ddc$40$6BIO_BEET_E$70$8BIO$920356$aORPH$bORPH$cKTS1_P$d2022-06-24$g65.26$oBIO BEET e$p20131278$r2021-07-06 00:00:00$w2021-07-06$yBOO
=999  \\$c20177$d20177

