=LDR  01235pam a2200265 a 4500
=001  20178
=005  20250925143306.0
=008  950823s1996\\\\caugh\\\\b\\\s001\0\eng\\
=020  \\$a0520088190 (alk. paper)
=040  \\$aOI
=041  \\$aeng
=100  \\$aHall, Patricia$4aut$917705
=245  12$aA View of Berg's Lulu Through the Autograph Sources
=260  \\$aBerkeley, CA$bUniversity of California Press$c1996
=300  \\$axi, 184 p. :$bmusic, facsims. ;$c24 cm.
=504  \\$aIncludes bibliographical references ( p. 175-177) and index.
=600  \0$aBerg, Alban$d1885-1935$1http://www.wikidata.org/entity/Q78475$915987
=648  \0$a20th Century (1901-2000)$1http://www.wikidata.org/entity/Q6927$920936
=650  \0$aOpera$1http://www.wikidata.org/entity/Q1344$92468
=650  \0$aManuscript$1http://www.wikidata.org/entity/Q87167$92275
=856  \\$uhttp://www.loc.gov/catdir/bios/ucal051/95040543.html$3Contributor biographical information
=856  \\$uhttp://www.loc.gov/catdir/description/ucal041/95040543.html$3Publisher description
=942  \\$cBOO
=952  \\$00$10$2ddc$40$6BIO_BERG_E$70$8BIO$920357$aORPH$bORPH$cKTS1_P$d2021-07-06$g34.05$oBIO BERG e$p20131279$r2021-07-06 00:00:00$w2021-07-06$yBOO
=999  \\$c20178$d20178

