=LDR  01029cam a2200253   4500
=001  20179
=005  20250925143306.0
=008  720216t19721970nyua\\\\\b\\\\001\0beng\\
=040  \\$aOI
=041  1\$aeng$hger
=100  \\$aStuckenschmidt, Hans Heinz$d1901-1988$4aut$919140
=245  00$aFerruccio Busoni: $bChronicle of a European
=260  \\$aNew York,$bSt. Martin's Press$c[1972, c1970]
=300  \\$a223 p.$billus.$c21 cm.
=350  \\$a$7.95
=504  \\$aBibliography: p. 215-216.
=600  \0$aBusoni, Ferruccio$d1866-1924$1http://www.wikidata.org/entity/Q219551$917127
=648  \0$a20th Century (1901-2000)$1http://www.wikidata.org/entity/Q6927$920936
=650  \0$aComposer$1http://www.wikidata.org/entity/Q36834$93625
=650  \0$aBiography$1http://www.wikidata.org/entity/Q36279$91927
=700  \\$4trl$aMorris, Sandra$921859
=942  \\$cBOO
=952  \\$00$10$2ddc$40$6BIO_BUSO_D$70$8BIO$920358$aORPH$bORPH$cKTS1_P$d2021-07-06$g10.64$l0$oBIO BUSO d$p20131280$r2021-07-06 00:00:00$w2021-07-06$yBOO
=999  \\$c20179$d20179

