=LDR  01285cam a22002774a 4500
=001  20180
=005  20250925143306.0
=008  011113s2002\\\\ilua\\\\\b\\\s001\0beng\\
=020  \\$a0252027515 (cloth : alk. paper)
=040  \\$aOI
=041  \\$aeng
=100  1\$aHicks, Michael,$d1956-$4aut
=245  10$aHenry Cowell, Bohemian
=260  \\$aUrbana, IL$bUniversity of Illinois Press$c2002
=300  \\$aix, 204 p. :$bill. ;$c24 cm.
=490  \\$aMusic in American Life
=504  \\$aIncludes bibliographical references and index.
=505  0\$aEasily explained by heredity -- The pulse of chords tremendous and remote -- Trusting his muse to a guiding intellect -- The work of exploration has just begun -- The bohemian legacy.
=600  \0$aCowell, Henry$d1897-1965$1http://www.wikidata.org/entity/Q434610$919757
=648  \0$a20th Century (1901-2000)$1http://www.wikidata.org/entity/Q6927$920936
=650  \0$aComposer$1http://www.wikidata.org/entity/Q36834$93625
=650  \0$aBiography$1http://www.wikidata.org/entity/Q36279$91927
=651  \0$aUSA$1http://www.wikidata.org/entity/Q30$943
=942  \\$cBOO
=952  \\$00$10$2ddc$40$6BIO_COWE_D$70$8BIO$920362$aORPH$bORPH$cKTS1_P$d2021-07-06$g26.22$oBIO COWE d$p20131286$r2021-07-06 00:00:00$w2021-07-06$yBOO
=999  \\$c20180$d20180

