=LDR  01097nam a22002297a 4500
=001  20181
=005  20250925143306.0
=008  210706s1981\\\\\\\|||||\||||\00|\0\eng\d
=041  \\$aeng
=100  \\$4aut$aMatthews, Nell Wright$921864
=245  \\$aGeorge Crumb's Makrokosmos Volumes I and II:$bConsiderations for Performance, Inlcuding Observations by David Burge, Robert Miller and Lambert Orkis
=260  \\$aNorman, OK$bUniversity of Oklahoma$c1981
=300  \\$a167 pages
=500  \\$aDMA dissertation
=600  \0$aCrumb, George$d1929-2022$1http://www.wikidata.org/entity/Q356804$921863
=648  \0$a20th Century (1901-2000)$1http://www.wikidata.org/entity/Q6927$920936
=650  \0$aKeyboard music$1http://www.wikidata.org/entity/Q105715630$921412
=650  \0$aHistorically informed performance$1http://www.wikidata.org/entity/Q1344860$920980
=651  \0$aUSA$1http://www.wikidata.org/entity/Q30$943
=942  \\$cBOO
=952  \\$00$10$2ddc$40$6BIO_CRUM_E$70$8BIO$920363$aORPH$bORPH$cKTS1_P$d2021-07-06$g48.33$l0$oBIO CRUM e$p20131285$r2021-07-06 00:00:00$w2021-07-06$yBOO
=999  \\$c20181$d20181

