=LDR  01157nam a22002417a 4500
=001  20182
=005  20250925143306.0
=008  210706s1982\\\\\\\|||||\||||\00|\0\eng\d
=041  \\$aeng
=100  \\$4aut$aChun, Yung Hae$921866
=245  \\$aThe Extension of Piano Techniques in Compositions by George Crumb for Solo Piano
=260  \\$aMadison, WI$bUniversity of Wisconsin$c1982
=300  \\$a127 pages
=590  \\$aA thesis submitted in partial fulfillment of the requirements for the degree of Doctor of Musical Arts
=600  \0$aCrumb, George$d1929-2022$1http://www.wikidata.org/entity/Q356804$921863
=648  \0$a20th Century (1901-2000)$1http://www.wikidata.org/entity/Q6927$920936
=650  \0$aKeyboard music$1http://www.wikidata.org/entity/Q105715630$921412
=650  \0$aPiano$1http://www.wikidata.org/entity/Q5994$92127
=650  \0$aExtended technique$1http://www.wikidata.org/entity/Q946962$921867
=651  \0$aUSA$1http://www.wikidata.org/entity/Q30$943
=942  \\$cBOO
=952  \\$00$10$2ddc$40$6BIO_CRUM_E$70$8BIO$920364$aORPH$bORPH$cKTS1_P$d2021-07-06$g48.33$oBIO CRUM e$p20131284$r2021-07-06 00:00:00$w2021-07-06$yBOO
=999  \\$c20182$d20182

