=LDR  01295cam a2200301   4500
=001  20183
=005  20250925143306.0
=008  720929s1972\\\\nyuacfg\\\\\\\001\0aeng\\
=020  \\$a039302153X
=040  \\$aOI
=041  \\$aeng
=100  \\$aIves, Charles$d1874-1954$4aut$1http://www.wikidata.org/entity/Q309648$915699
=245  10$aMemos
=250  \\$a1st ed.
=260  \\$aNew York$bNorton$c1972
=300  \\$a355 p. :$bill., ports., pls., music ;$c25 cm.
=350  \\$a$12.50
=500  \\$a"Memos" (Ives' own title): p. [25]-142; "Appendices": p. [143]-324.
=590  \\$aA source book incorporating all the most important unpublished writings of America's great composer
=648  \0$a20th Century (1901-2000)$1http://www.wikidata.org/entity/Q6927$920936
=650  \0$aComposer$1http://www.wikidata.org/entity/Q36834$93625
=650  \0$aCorrespondence$1http://www.wikidata.org/entity/Q1784733$921392
=650  \0$aDiary$1http://www.wikidata.org/entity/Q185598$921711
=651  \0$aUSA$1http://www.wikidata.org/entity/Q30$943
=700  \\$aKirkpatrick, John$d1905-1991$4edt$921870
=942  \\$cBOO
=952  \\$00$10$2ddc$40$6BIO_IVES_A$70$8BIO$920365$aORPH$bORPH$cKTS1_P$d2021-07-07$g15.60$iBIO IVES a$l0$oBIO IVES a$p20131283$r2021-07-07 00:00:00$w2021-07-07$yBOO
=999  \\$c20183$d20183

