=LDR  00852nam a22001937a 4500
=001  20184
=005  20250925143306.0
=008  210707s1971\\\\\\\|||||\||||\00|\0deng\d
=041  \\$aeng
=100  \\$4aut$aScholder, Clark Sondra Rae$921872
=245  \\$aThe Evolving Concord Sonata:$bA Study of Choices and Variants in the Music of Charles Ives
=260  \\$aStanford, CA$bStanford University$c1971
=300  \\$a375 pages
=600  \0$aIves, Charles$d1874-1954$1http://www.wikidata.org/entity/Q309648$915699
=648  \0$a20th Century (1901-2000)$1http://www.wikidata.org/entity/Q6927$920936
=650  \0$aKeyboard music$1http://www.wikidata.org/entity/Q105715630$921412
=942  \\$cBOO
=952  \\$00$10$2ddc$40$6BIO_IVES_E$70$8BIO$920366$aORPH$bORPH$cKTS1_P$d2021-07-07$g48.33$l0$oBIO IVES e$p20131282$r2021-07-07 00:00:00$w2021-07-07$yBOO
=999  \\$c20184$d20184

