=LDR  00892nam a22001937a 4500
=001  20185
=008  210707n\\\\\\\\\\\|||||\||||\00|\0deng\d
=041  \\$aeng
=100  \\$4aut$aLiszt, Franz$d1811-1886$1http://www.wikidata.org/entity/Q41309$917400
=245  \\$aThe Letters of Franz Liszt, Volume I.$bFrom Paris to Rome: Years of Travel as a Virtuoso
=300  \\$a454 pages
=648  \0$a19th Century (1801-1900)$1http://www.wikidata.org/entity/Q6955$920935
=650  \0$aCorrespondence$1http://www.wikidata.org/entity/Q1784733$921392
=650  \0$aComposer$1http://www.wikidata.org/entity/Q36834$93625
=650  \0$aPianist$1http://www.wikidata.org/entity/Q486748$92959
=700  \\$4trl$aBache, Constance$921873
=942  \\$cBOO
=952  \\$00$10$2ddc$40$6BIO_LISZ_A$70$8BIO$920367$aORPH$bORPH$cKTS1_P$d2021-07-07$g8.77$oBIO LISZ a$p20131281$r2021-07-07 00:00:00$w2021-07-07$yBOO
=999  \\$c20185$d20185

