=LDR  01106nam a22002417a 4500
=001  20186
=005  20250925143306.0
=008  210707s1999\\\\\\\|||||\||||\00|\0beng\d
=041  \\$aeng$hfre
=100  \\$4aut$aLa Grange, Henry-Louis de$d1924-2017$921876
=245  \\$aGustav Mahler.$bVienna: Triumph and Disillusion (1904-1907)
=260  \\$aOxford$bOxford University Press$c1999
=300  \\$axvi-1000 pages
=600  \0$aMahler, Gustav$d1860-1911$1http://www.wikidata.org/entity/Q7304$917677
=648  \0$a20th Century (1901-2000)$1http://www.wikidata.org/entity/Q6927$920936
=650  \0$aComposer$1http://www.wikidata.org/entity/Q36834$93625
=650  \0$aConductor$1http://www.wikidata.org/entity/Q158852$93134
=650  \0$aBiography$1http://www.wikidata.org/entity/Q36279$91927
=651  \0$aVienna (Austria)$1http://www.wikidata.org/entity/Q1741$920937
=765  \\$aGustav Mahler : L'âge d'or Vienne 1900-1907
=942  \\$cBOO
=952  \\$00$10$2ddc$40$6BIO_MAHL_D$70$8BIO$920368$aORPH$bORPH$cKTS1_P$d2021-07-07$g51.42$oBIO MAHL d$p20131287$r2021-07-07 00:00:00$w2021-07-07$yBOO
=999  \\$c20186$d20186

