=LDR  01413nam a22002177a 4500
=001  20188
=008  210708b\\\\\\\\\\\|||||\||||\00|\0\ger\d
=041  \\$ager
=245  \\$aEhe-Ordnung
=260  \\$aDresden$bs.n.$c17xx
=300  \\$a40 pages
=501  \\$aVollstandiges Kirchen-Buch
Agenda, das ist: Kirchen-Ordnung, Wie sich die Pfarrherren und Seelsorger in ihren Aemtern und Diensten verhalten sollen
Rescript: Die Verehligung und Copulation der Soldaten betreffend
Der Kleine Catechismus, ohne und mit der Auslegung
Die allgemein und gewohnlichen Kirchen-Gebete, als da ist: Die Beichte Sonntags- und Betstunden-Gebet
=590  \\$aWelche in Seiner Churfürstlichen Durchl. zu Sachsen Chur-Fürstenthum und Landen öffentlich von den Cantzeln des Jahrs zweymal, Nemlich Dom. II post Epiph. und Dom. II post Trin. abgelesen, und ach in Acht genommen werden soll
=648  \0$1http://www.wikidata.org/entity/Q7015$a18th Century (1701-1800)$920899
=650  \0$aLutheranism$1http://www.wikidata.org/entity/Q75809$923975
=650  \0$aWedding$1http://www.wikidata.org/entity/Q49836$922203
=651  \0$1http://www.wikidata.org/entity/Q183$aGermany$9155
=773  \\$020187$tZum Friedens Feste$w20187
=942  \\$cBOO
=952  \\$00$10$2ddc$40$6KTS_1_000000000000000_C1_16_09H12F$70$8RAR$920374$aORPH$bORPH$cKTS1_C1$d2021-07-08$eKoopman$l0$oKTS1 C1.16 09H12f$p20136926f$r2021-07-08 00:00:00$w2021-07-08$yBOO
=999  \\$d20188

