=LDR  01591nam a22002537a 4500
=001  20189
=008  210709s1662\\\\\\\|||||\||||\00|\0\lat\d
=041  \\$alat$agre
=100  \\$4aut$aScheidt, Balthasar$96718
=245  \\$aPromptuarium Herodiani seu Index Herodiani absolutissimus
=260  \\$a1662$bs.n.$cs.n.
=300  \\$a[xiv]-542-[80] pages
=336  \\$abook
=336  \\$aprinted
=501  \\$aHerodiani historiarum libri VIII
=561  \\$aEx libris Maurice Noverre (plate)
=590  \\$aE quo lector studiosus, ad suum usum depromere poterit omnia ejus vocabula Graeca, secundum naturalem ipsorum seriem, ad faciliorem cujusvis analysin in sua principia, posita, cum eorum genuinis significationibus Latinis, & accidentibus grammaticis, item phrasiologia, & elegantioribus sententiis: additis interdum omnibus locis, in quibus per totum autorem occurrunt: item variis lectionibus & nostra expositione: ut passim & commentarii & concordantiarum usum praestare possit. Accessit in fine locuples index latinus, ut pro duplici lexico, & Graeco-Latino, & Latino-Graeco, utentibus inserviret
=648  \0$a17th Century (1601-1700)$1http://www.wikidata.org/entity/Q7016$920923
=650  \0$aDictionary$1http://www.wikidata.org/entity/Q23622$921580
=650  \0$aLinguistics$1http://www.wikidata.org/entity/Q8162$93902
=773  \\$02295$tHerodiani historiarum libri VIII$w2295
=942  \\$cBOO
=952  \\$00$10$2ddc$40$6KTS_1_000000000000000_C1_13_09B01B$70$8RAR$920377$aORPH$bORPH$cKTS1_C1$d2021-07-08$eKoopman$oKTS1 C1.13 09B01b$r2021-07-09 00:00:00$w2021-07-09$yBOO
=999  \\$c20189$d20189

