=LDR  00786nam a2200205 a 4500
=001  20190
=005  20250925143306.0
=008  000710s1966\\\\gw\\\\\|r\\\\|000\||ger|d
=041  \\$ager
=100  1\$aDibelius, Ulrich$4aut
=245  10$aModerne Musik 1945-1965
=260  \\$aMunich$bPiper$c1966
=300  \\$a392 pages$billustrations, music examples
=490  0\$aPiper Paperback
=648  \0$a20th Century (1901-2000)$1http://www.wikidata.org/entity/Q6927$920936
=650  \0$aMusic history$1http://www.wikidata.org/entity/Q846047$921373
=650  \0$aAvant-garde$1http://www.wikidata.org/entity/Q102932$921178
=942  \\$cBOO
=952  \\$00$10$2ddc$40$70$8GHM$920378$aORPH$bORPH$cKM12_1$d2021-07-09$l1$p20136944$q2022-01-08$r2021-07-13 00:00:00$s2021-07-13$v7.00$w2021-07-09$yBOO
=999  \\$d20190

