=LDR  00757nas a2200193 a 4500
=001  20191
=008  061219s1960\\\\xx\oag\\r\\\\\0\\\\0ger\d
=041  \\$ager
=100  \\$4edt$aPawek, Karl$921892
=245  00$aMagnum:$bdie Zeitschrift für das moderne Leben
=260  \\$aKeulen$bDuMont$cn.d.
=300  \\$a[74] pages
=490  \\$vJuni 1960 Heft 30
=650  \0$aPeriodical$1http://www.wikidata.org/entity/Q1002697$921106
=650  \0$aAvant-garde$1http://www.wikidata.org/entity/Q102932$921178
=650  \0$aMaterial culture$1http://www.wikidata.org/entity/Q2143054$921735
=942  \\$cPER
=952  \\$00$10$2ddc$40$70$8PER$920380$aORPH$bORPH$cKM12_1$d2021-07-09$l1$p20136945$q2022-01-08$r2021-07-13 00:00:00$s2021-07-13$v19.50$w2021-07-09$yBOO
=999  \\$c20191$d20191

