=LDR  00932nam a2200217 a 4500
=001  20193
=005  20250925143306.0
=008  820304s1981\\\\gw\ao\\\\bc\\\000\0\ger\\
=041  \\$ager
=245  00$aSzenen der Volkskunst
=260  \\$aStuttgart$bWürttembergischer Kunstverein$c[1981?]
=300  \\$a[455] pages$bill.
=500  \\$aCatalog of an exhibition
=648  \0$a20th Century (1901-2000)$1http://www.wikidata.org/entity/Q6927$920936
=650  \0$aFine art$1http://www.wikidata.org/entity/Q219625$921579
=650  \0$aMaterial culture$1http://www.wikidata.org/entity/Q2143054$921735
=700  \\$aOsterwold, Tilman$4edt$921895
=710  \\$aWürttembergischer Kunstverein (Stuttgart, Germany)$1http://www.wikidata.org/entity/Q2596907$921894
=942  \\$cBOO
=952  \\$00$10$2ddc$40$6AES$70$920382$aORPH$bORPH$cKM12_1$d2021-07-09$l1$oAES$p20136946$q2022-01-08$r2021-07-13 00:00:00$s2021-07-13$w2021-07-09$yBOO
=999  \\$c20193$d20193

