=LDR  00556nam a22001457a 4500
=001  20195
=008  210709s1972\\\\\\\|||||\||||\00|\0\ger\d
=041  \\$ager
=245  \\$aHören Sehen :$bTexte - Bilder - Environments
=260  \\$aBremen$bKunsthalle Bremen$c1972
=300  \\$a[22] pages
=590  \\$adieses Heft erscheint zur Ausstellung in Verbindung mit Radio Bremens Musiktagen "Pro Musica Nova"
=942  \\$cBOO
=952  \\$00$10$2ddc$40$70$920385$aORPH$bORPH$d2021-07-09$l1$p20136948$q2022-03-14$r2021-09-16 00:00:00$s2021-09-16$v65.00$w2021-07-09$yBOO
=999  \\$d20195

