=LDR  01090nam a22002057a 4500
=001  20196
=008  210712r19791890\\\|||||\||||\00|\0dfre\d
=041  \\$afre
=100  \\$4aut$aDiericx de ten Hamme, Joe$921912
=245  \\$aSouvenirs du Vieux Bruxelles
=260  \\$aBrussels$bÉditions Libro-Sciences$c1979
=300  \\$a3 vols. (283-[2]+279-[2]+253-[2] pages)
=650  \0$aHistory$1http://www.wikidata.org/entity/Q309$921403
=650  \0$aFolklore$1http://www.wikidata.org/entity/Q36192$94595
=651  \0$aBrussels (Belgium)$1http://www.wikidata.org/entity/Q239$937
=942  \\$cBOO
=952  \\$00$10$2ddc$3tome 1$40$6TOP_BE_BRU1$70$8TOP$920386$aORPH$bORPH$cKTS0$d2021-07-12$g45.52$l0$oTOP BE.BRU1$p20136949$r2021-07-12 00:00:00$w2021-07-12$yBOO
=952  \\$00$10$2ddc$3tome 2$40$6TOP_BE_BRU1$70$8TOP$920387$aORPH$bORPH$cKTS0$d2021-07-12$g45.52$l0$oTOP BE.BRU1$p20136950$r2021-07-12 00:00:00$w2021-07-12$yBOO
=952  \\$00$10$2ddc$3tome 3$40$6TOP_BE_BRU1$70$8TOP$920388$aORPH$bORPH$cKTS0$d2021-07-12$g45.52$l0$oTOP BE.BRU1$p20136951$r2021-07-12 00:00:00$w2021-07-12$yBOO
=999  \\$c20196$d20196

