=LDR  00928nam a22002537a 4500
=001  20212
=005  20250926134858.0
=008  210714n\\\\\\\\\\\||ld|\||||\00|\0\fre\d
=040  \\$aMB
=041  \\$afre
=059  \\$ahpd/org/pf
=100  \\$4cmp$aBach, Johann Sebastian$d1685-1750$1http://www.wikidata.org/entity/Q1339$94766
=245  \\$aJ. S. Bach Suite BWV 996
=260  \\$as.l.$cs.d.
=300  \\$a55 pages$bmusic
=336  \\$anotated music
=336  \\$aprinted
=648  \0$a18th Century (1701-1800)$1http://www.wikidata.org/entity/Q7015$920899
=650  \0$aLute$1http://www.wikidata.org/entity/Q180733$93944
=650  \0$aPiano$1http://www.wikidata.org/entity/Q5994$92127
=651  \0$aGermany$1http://www.wikidata.org/entity/Q183$9155
=942  \\$cSCO
=952  \\$00$10$2ddc$40$6SCO_BACH1$70$8SCO$920413$aORPH$bORPH$cKTS1_P$d2021-07-14$l0$oSCO BACH1$p20134288$r2021-07-14 00:00:00$w2021-07-14$ySCO
=999  \\$c20212$d20212

