=LDR  01533nam a22002057a 4500
=001  20215
=008  210714s2001\\\\\\\|||||\||||\00|\0\ger\d
=020  \\$a9783205992875
=041  \\$ager
=100  \\$4aut$aMaurer Zenck, Claudia$921945
=245  \\$aVom Takt:$bUntersuchungen zur Theorie und kompositorischen Praxis im ausgehenden 18. und beginnenden 19. Jahrhundert
=260  \\$aVienna$bBöhlau$c2001
=300  \\$a346 pages$bmusic examples
=520  \\$aTaktarten, Tempo und Taktgewicht wurden von Musiktheoretikern des 18. Jahrhunderts wie Johann Mattheson, Joseph Riepel, Friedrich Wilhelm Marpurg, Heinrich Christoph Koch u. a. als für den musikalischen Satzbau konstitutiv erachtet. Grundlage dabei ist der Begriff vom Takt, der im ausgehenden 18. Jahrhundert theoretisch bestimmt wurde. Dem zeitgenössischen Verständnis von Taktarten, Tempo und Taktgewicht wird in diesem Band in den Schriften der Theoretiker nachgespürt und ihre Aussagen werden anhand von Passagen aus Werken von Mozart, Beethoven und Schubert, aber auch von Theoretikern wie Johann Philip Kirnberger selbst überprüft.
=650  \0$aArtistic research$1http://www.wikidata.org/entity/Q20827087$921804
=650  \0$aMusic theory$1http://www.wikidata.org/entity/Q193544$92662
=650  \0$aComposing$1http://www.wikidata.org/entity/Q92186587$93076
=942  \\$cBOO
=952  \\$00$10$2ddc$40$6MTP_2_000000000000000_MAUR$70$8MTP$920417$aORPH$bORPH$cKM12_1$d2021-07-14$l1$m3$oMTP2 MAUR$p20137008$r2022-09-06 00:00:00$s2021-08-17$v90.00$w2021-07-14$yBOO
=999  \\$d20215

