=LDR  01032ncm a22002417a 4500
=001  20226
=005  20250926134858.0
=008  210716e1977\\\\\\\||le|\||||\00|\0\ger\d
=040  \\$aMB
=041  \\$ager$aeng
=059  \\$ahpd/pf
=100  \\$4cmp$aBach, Johann Sebastian$d1685-1750$1http://www.wikidata.org/entity/Q1339$94766
=245  \\$aGoldberg-Variationen Vierter Teil der Klavierübung
=260  \\$aLeipzig$bVEB Deutscher Verlag für Musik$c1977
=300  \\$a48 pages
=648  \0$a18th Century (1701-1800)$1http://www.wikidata.org/entity/Q7015$920899
=650  \0$aLute$1http://www.wikidata.org/entity/Q180733$93944
=650  \0$aTheme and variations$1http://www.wikidata.org/entity/Q763324$92038
=651  \0$aGermany$1http://www.wikidata.org/entity/Q183$9155
=700  \\$4edt$aWolff, Christoph$d1940-$1http://www.wikidata.org/entity/Q66488$910387
=942  \\$cSCO
=952  \\$00$10$2ddc$40$6SCO_BACH1$70$8SCO$920429$aORPH$bORPH$cKTS1_P$d2021-07-16$l0$oSCO BACH1$p20135923$r2021-07-16 00:00:00$w2021-07-16$ySCO
=999  \\$d20226

