=LDR  02978nam a2200361 u 4500
=001  20238
=003  OI
=005  20250121142133.0
=008  090812s1762\\\\xx\\\\\|r\\\\|000\||fre|d
=040  \\$aOI
=041  \\$afre
=100  1\$aRoland, D.$4aut
=245  10$aEsprit des tragédies et tragi-comédies qui ont paru depuis 1630 jusques en 1761, par forme de dictionnaire
=246  \1$aEsprit des tragédies
=260  \\$aParis$bBrocas & Humblot$bDufour$bDessain$c1762
=300  \\$a3 vols. (327+383+361-[4] pages)$c16°
=500  \\$aPages i-vi in the front matter of vols. 2 and 3, including the title-pages, are swapped
=500  \\$aCollection of excerpts from 402 plays according to 453 topics (feelings, phenomena, character types, etc.). Vol. 1 covers A-C, vol. 2 D-O, and vol. 3 P-Z.
=500  \\$aThe preface addresses the issue of literary plagiarism, arguing that this compilation "est tout-à-la-fois à l'usage de ceux qui se destinent à courir les honneurs du plagiat, & de ceux qui bornent leur gloire à l'éviter. J'offre aux jeunes auteurs, qui se dévouent au genre de la tragédie, une collection dans laquelle ils trouveront facilement les pensées & les expressions, dont, à l'aide du plagiat autorisé, ils pourront brillanter leurs pièces nouvelles, en se soumettant à l'usage adopté. Le public trouvera aussi dans ma compilation les moyens de juger aisément de l'industrie avec laquelle les auteurs se conduiront dans leurs vols Lacédémoniens [the Lacadaemonians allowed plagiarism, but punished clumsy acts revealing the theft], afin qu'ils en retirent le profit & l'honneur qu'ils méritent." (vol. 1, p. xiv)
=500  \\$aIn his preface, the author expressed his desire to publish a catalog and analyses of subjects for tragedies.
=648  \0$a17th Century (1601-1700)$1http://www.wikidata.org/entity/Q7016$920923
=648  \0$a18th Century (1701-1800)$1http://www.wikidata.org/entity/Q7015$920899
=650  \0$aDictionary$1http://www.wikidata.org/entity/Q23622$921580
=650  \0$aPlay (theater)$1http://www.wikidata.org/entity/Q25379$921414
=650  \0$aPlagiarism$1http://www.wikidata.org/entity/Q164666$922390
=651  \0$aFrance$1http://www.wikidata.org/entity/Q142$9131
=856  \\$uhttps://books.google.be/books?vid=GENT900000112835$3Full text v.2
=856  \\$uhttps://books.google.be/books?vid=GENT900000112836$3Full text v.3
=942  \\$cBOO
=952  \\$00$10$2ddc$3vol. 1$40$6KTS_1_000000000000000_C3_15_2$70$8RAR$920450$aORPH$bORPH$cKTS1_C3$d2021-08-12$g600.00$oKTS1 C3.15 (2)$p20137117$r2021-08-11 00:00:00$w2021-08-11$yBOO
=952  \\$00$10$2ddc$3vol. 2$40$6KTS_1_000000000000000_C3_15_3$70$8RAR$920451$aORPH$bORPH$cKTS1_C3$d2021-08-12$g600.00$oKTS1 C3.15 (3)$p20137118$r2021-08-11 00:00:00$w2021-08-11$yBOO
=952  \\$00$10$2ddc$3vol. 3$40$6KTS_1_000000000000000_C3_15_4$70$8RAR$920452$aORPH$bORPH$cKTS1_C3$d2021-08-12$g600.00$oKTS1 C3.15 (4)$p20137119$r2021-08-11 00:00:00$w2021-08-11$yBOO
=999  \\$d20238

