=LDR  01657nam a2200301 a 4500
=001  20239
=005  20250120120411.0
=008  831107s1885\\\\fr\\\\\\\\\\\\000\0\fre\\
=040  \\$aOI
=041  \\$afre
=100  \\$aAudebrand, Philibert$d1815-1906$4aut$1http://www.wikidata.org/entity/Q3378908$921990
=245  10$aPetits mémoires d'une stalle d'orchestre :$bacteurs, actrices, auteurs, journalistes
=260  \\$aParis$bLévy$c1885
=300  \\$a366 pages
=490  0\$aBibliothèque moderne
=500  \\$aPhilibert Audebrand (1815-1906) was a French writer, journalist, author of medieval chronicles, satirical verses and historical novels. He wrote under several pseudonyms, such as Alpha and Eugène Duvernay.
=600  \0$aHugo, Victor$d1802-1885$1http://www.wikidata.org/entity/Q535$921991
=600  \0$aMeyerbeer, Giacomo$d1791-1864$1http://www.wikidata.org/entity/Q105237$96868
=610  \0$aOpéra-Comique (Paris, France)$1http://www.wikidata.org/entity/Q872222$920953
=610  \0$aFoire de Saint-Cloud (Paris, France)$1http://www.wikidata.org/entity/Q3074861$921992
=648  \0$a19th Century (1801-1900)$1http://www.wikidata.org/entity/Q6955$920935
=650  \0$aTheater history$1http://www.wikidata.org/entity/Q1061140$94607
=650  \0$aMusic history$1http://www.wikidata.org/entity/Q846047$921373
=650  \0$aFair$1http://www.wikidata.org/entity/Q288514$921501
=651  \0$aParis (France)$1http://www.wikidata.org/entity/Q90$9160
=942  \\$cBOO
=952  \\$00$10$2ddc$40$6KTS_1_000000000000000_C3_15_1$70$8RAR$920453$aORPH$bORPH$cKTS1_C3$d2021-08-12$oKTS1 C3.15 (1)$p20137120$r2021-08-11 00:00:00$w2021-08-11$yBOO
=999  \\$d20239

