=LDR  01422cam a2200265ui 4500
=001  20243
=003  OI
=005  20250120120245.0
=008  770822s1875\\\\fr\a\\\||\\\\|000\||fre|d
=040  \\$aOI
=041  \\$afre
=100  \\$aBonnassies, Jules$d1813-1880$4aut$1http://www.wikidata.org/entity/Q28927603$920930
=245  14$aLes spectacles forains et la Comédie Française :$ble droit des pauvres avant et après 1789. Les auteurs dramatiques et la Comédie Française au dix-neuvieme siecle, d'apres des documents inédites
=260  \\$aParis$bDentu$c1875
=300  \\$a298 pages$billustrations
=590  \\$aPar Jules Bonnassies, ancien attaché à la Direction des Beaux-Arts (Bureau des Théâtres). Avec une eau-forte par Edmon Hédouin.
=610  \0$aComédie-Française (Paris, France)$1http://www.wikidata.org/entity/Q61460498$920931
=648  \0$1http://www.wikidata.org/entity/Q6955$a19th Century (1801-1900)$920935
=650  \0$aTheater history$1http://www.wikidata.org/entity/Q1061140$94607
=650  \0$aFair$1http://www.wikidata.org/entity/Q288514$921501
=651  \0$aParis (France)$1http://www.wikidata.org/entity/Q90$9160
=856  \\$uhttps://gallica.bnf.fr/view3if/ga/ark:/12148/bpt6k204288w$3IIIF
=942  \\$cBOO
=952  \\$00$10$2ddc$40$6KTS_1_000000000000000_C3_15$70$8RAR$920455$aORPH$bORPH$cKTS1_C3$d2021-08-12$g60.00$oKTS1 C3.15$p20137131$r2021-08-12 00:00:00$w2021-08-12$yBOO
=999  \\$d20243

