=LDR  00658nam a22001577a 4500
=001  20261
=008  210826t2012\\\\||||||||\||||\00|\0\eng\d
=041  \\$aeng
=245  \\$aMusics Cultures Identities.19th Congress of the International Musicological Society, Rome 2012. $bProgramme and Abstracts
=260  \\$aRome$bAccademia Nazionale di Santa Cecilia - Fondazione$c2012
=300  \\$a556 pages
=700  \\$4edt$aBognetti, Laura$922085
=700  \\$4edt$aMacchione, Daniela$922086
=942  \\$cBOO
=952  \\$00$10$2ddc$40$6REF_3_000000000000000_BOGN$70$8REF$920490$aORPH$bORPH$cKM12_1$d2021-08-26$l0$oREF3 BOGN$p20136758$r2021-08-26 00:00:00$w2021-08-26$yBOO
=999  \\$d20261

