=LDR  00951nas a22001937a 4500
=001  20263
=008  210830i20152021\\\|||||\||||\00|\0\dut\d
=041  \\$adut
=245  \\$aPianist.$bTijdschrift voor pianisten over pianomuziek, piano's, docenten, pianostemmers en pianodetailhandel
=260  \\$aSon en Breugel$aEindhoven$bForte Media$bBCm$c2015-2021
=505  \\$gVols. 2-8 (some issues missing)(issue 5/1 2018 also in German)
=650  \0$aKeyboard music$1http://www.wikidata.org/entity/Q105715630$921412
=650  \0$aPiano$1http://www.wikidata.org/entity/Q5994$1https://www.wikidata.org/wiki/Q1521313$92127
=650  \0$aPianist$1http://www.wikidata.org/entity/Q486748$92959
=700  \\$aVredenburg, Jan$4edt$927807
=700  \\$aSchoones, Eric$4edt$922102
=942  \\$cPER
=952  \\$00$10$2ddc$40$6INS_PER3_3_000000000000000_PI1$70$8INS$920493$aORPH$bORPH$cKTS0$d2021-08-30$l0$oINS PER3.3 PI1$p20143909$r2021-08-30 00:00:00$w2021-08-30$yPER
=999  \\$d20263

