=LDR  00591nam a22001337a 4500
=001  20264
=008  210830s1974\\\\||||||||\||||\00|\0\eng\d
=110  \\$4edt$aNational Association of Schools of Music (Virginia, USA)$922104
=245  \\$aPapers from the Invitational Forum on The Education of Music Consumers, Houston Texas February 1974
=300  \\$a104 pages
=490  \\$aMonographs on Music in Higher Education$v2
=942  \\$cBOO
=952  \\$00$10$2ddc$40$6MTP_4_000000000000000_EDUC$70$8MTP$920494$aORPH$bORPH$cKM12_1$d2021-08-30$l0$oMTP4 EDUC$p20131233$r2021-08-30 00:00:00$w2021-08-30$yBOO
=999  \\$d20264

