=LDR  01119nam a22001817a 4500
=001  20265
=008  210830s1995\\\\||||||||\||||\00|\0\mul\d
=041  \\$adut$aita
=100  \\$4aft$aLo Cascio, Vincenzo$922110
=245  \\$aItaliaansche Spraakkonst,$bLeerende Op eene vaste grondt De Italiaansche Taale wel, en ter deege Leezen, Verstaan, Spreeken, en Schrijven
=260  \\$aDordrecht $bForis$c1995
=300  \\$a388-55 pages
=500  \\$aFacsimile publication on the occasion of the visit of the President of Italy, Oscar Luigi Scalfaro, to the Italian Department of the Amsterdam University, 28 november 1995
=534  \\$cAmsterdam, Abraham Wolfgang, 1672
=590  \\$aWaar in meest alle de gebruikelijkste Italiaansche Woorden, in het Neederduitsch vertaaldt (om voor een Woordeboek te konnen dienen) t'hunner plaatse ingeschikt; en dry Gemeenzaame Samenspraaken, in het Italiaansch en Neederduitsch, achteraan gevoegdt zijn.
=942  \\$cBOO
=952  \\$00$10$2ddc$40$6REF_1_000000000000000$70$8REF$920497$aORPH$bORPH$cKM12_1$d2021-08-30$eKoopman$i14B42$l0$oREF1$p20124600$r2021-08-30 00:00:00$w2021-08-30$yBOO
=999  \\$d20265

