=LDR  00452nam a22001217a 4500
=001  20266
=008  210831s2006\\\\||||||||\||||\00|\0\dut\d
=100  \\$4edt$aBonduel, Charlotte$922112
=245  \\$aHet Platform. Doctoraat in de kunsten. Het Brussels model
=300  \\$a175 pages
=942  \\$cBOO
=952  \\$00$10$2ddc$40$6MTP_3_000000000000000_BOND$70$8MTP$920498$aORPH$bORPH$cKM12_1$d2021-08-31$l0$oMTP3 BOND$p20134073$r2021-08-31 00:00:00$w2021-08-31$yBOO
=999  \\$d20266

