=LDR  00721nam a22001457a 4500
=001  20271
=008  210902s1988\\\\||||||||\||||\10|\0\ger\d
=100  \\$4edt$aThom, Eitelfriedrich$920417
=245  \\$aDer Einfluss der italienischen Musik in der ersten Hälfte des 18. Jahrhunderts.$bKonferenzbericht der XV. Wissenschaftlichen Arbeitstagung 1987
=260  \\$aMichaelstein/Blankbenburg$c1988
=300  \\$a87 pages
=490  \\$aStudien zur Aufführungspraxis und Interpretation von Instrumentalmusik des 18. Jahrhunderts$v34
=942  \\$cBOO
=952  \\$00$10$2ddc$40$6GHM_13_000000000000000$70$8GHM$920513$aORPH$bORPH$cKM12_1$d2021-09-02$eKoopman$iTS Michaelst Stu$l0$oGHM 13$p20134103$r2021-09-02 00:00:00$w2021-09-02$yBOO
=999  \\$d20271

