=LDR  00670nam a22001337a 4500
=001  20272
=008  210902s1979\\\\||||||||\||||\10|\0\ger\d
=100  \\$4edt$aThom, Eitelfriedrich$920417
=245  \\$aMusikzentren in der ersten Hälfte des 18. Jahrhunderts und ihre Ausstrahlung$bKonferenzbericht der 6. Wissenschaftlichen Arbeitstagung 1978
=300  \\$a94 pages
=490  \\$aStudien zur Aufführungspraxis und Interpretation von Instrumentalmusik des 18. Jahrhunderts$v8
=942  \\$cBOO
=952  \\$00$10$2ddc$40$6GHM_5_000000000000000$70$8GHM$920514$aORPH$bORPH$cKM12_1$d2021-09-02$eKoopman$iTS MichSt. Studien 8$l0$oGHM 5$p20129538$r2021-09-02 00:00:00$w2021-09-02$yBOO
=999  \\$d20272

