=LDR  00661nam a22001457a 4500
=001  20273
=008  210902s1984\\\\||||||||\||||\10|\0\ger\d
=100  \\$4edt$aThom, Eitelfriedrich$920417
=245  \\$aMusikzentren - Konzertschaffen im 18. Jahrhundert$bKonferenzbericht der XI. Wissenschaftlichen Arbeitstagung 1983
=260  \\$aBlankenburg/Harz$c1984
=300  \\$a76 pages
=490  \\$aStudien zur Aufführungspraxis und Interpretation von Instrumentalmusik des 18. Jahrhunderts$v23
=942  \\$cBOO
=952  \\$00$10$2ddc$40$6GHM_5_000000000000000$70$8GHM$920515$aORPH$bORPH$cKM12_1$d2021-09-02$eKoopman$l0$oGHM 5$p20134104$r2021-09-02 00:00:00$w2021-09-02$yBOO
=999  \\$d20273

