=LDR  00733nam a22001457a 4500
=001  20274
=008  210902s1982\\\\||||||||\||||\10|\0\ger\d
=100  \\$4edt$aThom, Eitelfriedrich$920417
=245  \\$aDer Einfluss des französischen Musik auf die Komponisten der ersten Hälfte des 18. Jahrhunderts.$bKonferenzbericht der IX. Wissenschaftlichen Arbeitstagung 1981
=260  \\$aBlankenburg/Harz$c1982
=300  \\$a78 pages
=490  \\$aStudien zur Aufführungspraxis und Interpretation von Instrumentalmusik des 18. Jahrhunderts$v16
=942  \\$cBOO
=952  \\$00$10$2ddc$40$6GHM_5_000000000000000$70$8GHM$920516$aORPH$bORPH$cKM12_1$d2021-09-02$eKoopman$iTS MichSt. Studien 16$l0$oGHM 5$p20134105$r2021-09-02 00:00:00$w2021-09-02$yBOO
=999  \\$d20274

