=LDR  00793nam a22001457a 4500
=001  20276
=008  210902s1985\\\\||||||||\||||\10|\0\ger\d
=100  \\$4edt$aThom, Eitelfriedrich$920417
=245  \\$aZur Aufführungspraxis und Interpretation der Musik von Johann Sebastian Bach und Georg Friedrich Händel. Johan Sebastian Bach - ein Beitrag zum 300. Geburtstag -$bKonferenzbericht der XII. Wissenschaftlichen Arbeitstagung 1984
=260  \\$aBlankenburg/Michaelstein$c1985
=300  \\$a74 pages
=490  \\$aStudien zur Aufführungspraxis und Interpretation von Instrumentalmusik des 18. Jahrhunderts$v25
=942  \\$cBOO
=952  \\$00$10$2ddc$40$6MTP_2_000000000000000_THOM$70$8MTP$920518$aORPH$bORPH$cKM12_1$d2021-09-02$eKoopman$l0$oMTP2 THOM$p20134107$r2021-09-02 00:00:00$w2021-09-02$yBOO
=999  \\$d20276

