=LDR  00405nam a22001217a 4500
=001  20287
=008  210907s\\\\\\\\||||||||\||||\00|\0\eng\d
=041  \\$afin
=100  \\$4lbt$aBach, Johann Christian$d1735-1782$1http://www.wikidata.org/entity/Q106641$914631
=245  \\$aTestestest
=942  \\$cBOO
=952  \\$00$10$2ddc$40$70$8HUM$920531$aORPH$bORPH$cKTS1_H$d2021-09-07$l0$r2021-09-07 00:00:00$w2021-09-07$yBOO
=999  \\$d20287

