=LDR  01080nam a22002057a 4500
=001  20289
=008  210907s1656\\\\||||||||\||||\00|\0\lat\d
=100  \\$4aut$aOvidius$d43 BC-17$1http://www.wikidata.org/entity/Q7198$95683
=245  \\$aTristium / De Ponto
=300  \\$a166 pages
=501  \\$aFastorum / Kalendarium ex L. G. Giraldo / In Ibin/  Ad Pisonem
Metamorphoseon
Epistolarum
=648  \0$aClassical Antiquity (8th Century BC-6th Century AD)$1http://www.wikidata.org/entity/Q486761$921435
=648  \0$a16th Century (1501-1600)$1http://www.wikidata.org/entity/Q7017$920944
=648  \0$a17th Century (1601-1700)$1http://www.wikidata.org/entity/Q7016$920923
=650  \0$aLiterature$1http://www.wikidata.org/entity/Q8242$94439
=700  \\$4edt$aBersmann, Gregor$d1538-1611$1http://www.wikidata.org/entity/Q1545051$922133
=773  \\$020284$tOvid Opera Omnia$w20284
=942  \\$cBOO
=952  \\$00$10$2ddc$40$6KTS_1_000000000000000_C1_3009E17D$70$8RAR$920533$aORPH$bORPH$cKTS1_C1$d2021-09-07$eKoopman$i09E17d$l0$oKTS1 C1.3009E17d$r2021-09-07 00:00:00$w2021-09-07$yBOO
=999  \\$d20289

