=LDR  00729njm a22001817a 4500
=001  20290
=008  210907t2009\\\\||||||||\||||\00|\0\ger\d
=020  \\$a9783795776107
=041  \\$ager
=100  \\$4edt$aKöhler, Armin$d1952-2014$922137
=245  \\$aErlebte Geschichte :$bAufbrüche, Rückblicke, Zeitläufte
=260  \\$aBaden-Baden$aMainz$bSWR$bSchott$c2009
=300  \\$ebooklet
=490  \\$aNeue Zeitschrift für Musik
=650  \0$aMusic history$1http://www.wikidata.org/entity/Q846047$921373
=942  \\$cREC
=952  \\$00$10$2ddc$40$6REC_AV_KOHL_2009_000000000000000$70$8REC$920535$aORPH$bORPH$cKM12_2_B$d2021-09-07$l1$oREC AV KOHL 2009$p20137244$q2022-03-06$r2021-09-08 00:00:00$s2021-09-08$v42.00$w2021-09-07$yREC
=999  \\$d20290

