=LDR  00664njm a22001697a 4500
=001  20291
=008  210907t2011\\\\||||||||\||||\00|\0\ger\d
=020  \\$a9783795703851
=041  \\$ager
=100  \\$4aut$aSchöning, Klaus$922138
=245  \\$aArs Acustica - Ars Intermedia:$bKomponisten, Autoren und Klangkünstler im Gespräch mit Klaus Schöning
=260  \\$aMainz$bSchott$c2011
=300  \\$ebooklet
=490  \\$aNeue Zeitschrift für Musik
=942  \\$cREC
=952  \\$00$10$2ddc$40$6REC_AV_SCHO_2011_000000000000000$70$8REC$920536$aORPH$bORPH$cKM12_2_B$d2021-09-07$l1$oREC AV SCHO 2011$p20137255$q2022-03-06$r2021-09-08 00:00:00$s2021-09-08$w2021-09-07$yREC
=999  \\$d20291

