=LDR  00665nam a22001937a 4500
=001  20292
=008  210907t20171619||||||||\||||\00|\0\eng\d
=020  \\$a9781375010436
=041  \\$aeng$hlat
=100  \\$4aut$aKepler, Johannes$d1571-1630$911985
=245  \\$aThe Harmonies of the World
=260  \\$bPinnacle$c2017
=300  \\$a134 pages
=650  \0$aScience$1http://www.wikidata.org/entity/Q7991$921650
=650  \0$aHistory$1http://www.wikidata.org/entity/Q309$921403
=765  \\$aHarmonices mundi
=942  \\$cBOO
=952  \\$00$10$2ddc$40$70$920537$aORPH$bORPH$d2021-09-07$l1$p20137254$q2022-03-06$r2021-09-08 00:00:00$s2021-09-08$v32.50$w2021-09-07$yBOO
=999  \\$d20292

