=LDR  00890cam a2200217 a 4500
=001  20293
=008  950525s1994\\\\gw\ag\\\\b\\\\100\0\ger\\
=020  \\$a3764924136
=041  \\$ager
=245  10$aMusikpädagogische Impulse :$bBericht über das Symposion Gegenwärtige Musikkultur und Musikpädagogik vom 23. bis 25. Oktober 1992 in Dresden
=260  \\$aKassel$bBosse$c1994
=300  \\$a143 pages$bill., music examples
=490  \\$aMusik im Diskurs$v10
=650  \0$aMusic education$1http://www.wikidata.org/entity/Q27908$921766
=700  \\$aSchneider, Reinhard$4edt$922139
=700  \\$aSchubert, Lothar$4edt$922140
=710  \\$aGesellschaft für Musikpädagogik$922141
=710  \\$aVerband der Musikpädagogen$922142
=942  \\$cBOO
=952  \\$00$10$2ddc$40$70$920542$aORPH$bORPH$d2021-09-07$l1$p20137253$q2022-03-06$r2021-09-08 00:00:00$s2021-09-08$v5.00$w2021-09-07$yBOO
=999  \\$d20293

