=LDR  01155nam a22001817a 4500
=001  20294
=008  210907b\\\\\\\\||||||||\||||\00|\0\###\d
=041  \\$ager
=245  \\$aInge Baecker Bochum – Fluxus Ruhrgebiet
=260  \\$aBochum$bKettler$c2012
=300  \\$a40 pages
=500  \\$aExhibition in Kunstmuseum Bochum from August 25th until October 21st (2012)
=500  \\$aThe exhibition "Inge Baecker Bochum - Fluxus Ruhrgebiet" traces the twelve years of the gallery in Bochum, from the first exhibition with graphic works by Vostell to the 100th exhibition and her departure from Bochum, which was dedicated to the 20th anniversary of the Fluxus movement. Works from the possession of the Kunstmuseum Bochum, from the gallery's holdings, as well as from museum and private collections document the impact of Galerie Inge Baecker in the 1970s, which reached far beyond Bochum.
=610  \0$aMuseum Bochum$922165
=650  \0$aPerformance art$1http://www.wikidata.org/entity/Q213156$922164
=942  \\$cBOO
=952  \\$00$10$2ddc$40$70$920547$aORPH$bORPH$d2021-07-05$l1$p20137252$q2022-03-14$r2021-09-16 00:00:00$s2021-09-16$v27.40$w2021-07-05$yBOO
=999  \\$d20294

