=LDR  03267nam a22002417a 4500
=001  20307
=005  20250923161051.0
=008  210908s1892\\\\\\\a||||\||||\00|\0\fre\d
=041  \\$afre
=100  1\$aHacks, Charles$c1851-1935$4aut$922173
=245  \\$aLe Geste
=260  \\$aParis$bMarpon$bFlammarion$c1892
=300  \\$a492 pages
=520  \\$aTo begin with, Charles Hacks approaches gesture as a linguist, promising to "do the work of a grammarian", seeking to understand the origin of the word, working on the definitions that are given for it, but also what it is opposed to grammatically. But the grammatical approach (often coupled with a strong literary culture) did little to help him define his subject.

To understand what 'gesticulate' means, Hacks takes a diversion into the lives of men, outside the dictionaries. He takes on the role of historian - searching for the origins - and, even more excitingly for today's readers, he becomes a moralist. In the 'chanson de geste' and the warlike Middle Ages, he finds the origin of the word that interests him. An origin which is less factual than fantasised and theological: it refers to a kind of pre-Babelic golden age where every gesture was an act, where acts and gestures merged. The historian in Hacks doesn't last long; here he is a moralist, a man of his time, fantasising about a truer past, when men, from a "strong race", adjusted their capacity for meaning (their words and gestures) to their power of action, particularly in combat; a time when men were what they did and meant.

Hacks' dream is in keeping with a virile vision of the world, that of "an age of muscle, of personal courage, of strength, showing itself in pleasures as well as in love". Manliness here means: harmony of word and deed, clarity, possible confidence in human relationships, and therefore, between the lines, a form of Eden - women are not part of this warrior Middle Ages, freed from seductions. Hacks criticises the theatre and the femininity - he doesn't say feminine, he says hysterical - of his time. In doing so, Hacks offers us a fascinating critique of the Belle Epoque, as an era of exaggerated theatre, an era of grand gestures and imposing figures, transformed today into imperturbable clichés. The Belle Epoque invented its gestures, and Hacks wrote both a critique and a science of them.

Finally, Hacks works as an anatomist and scientist, as he was a doctor. Here again, Hacks' time was eminently science-oriented. In very concrete terms, he links movement to the organism, the body and physical activity. (translated from https://sht.asso.fr/ct/le-geste-par-charles-hacks/)
=561  \\$aEx libris Recherches et Formation Théâtrales en Wallonie, Liège (stamp)
=648  \0$a19th Century (1801-1900)$1http://www.wikidata.org/entity/Q6955$920935
=650  \0$aGesticulation$1http://www.wikidata.org/entity/Q1519539$922031
=650  \0$aTheater history$1http://www.wikidata.org/entity/Q1061140$94607
=700  1\$aLanos, Henri$d1859-1929$4ill$922174
=942  \\$cBOO
=952  \\$00$10$2ddc$40$6KTS_1_000000000000000_H_03_006$70$8RAR$920561$aORPH$bORPH$cKTS1_H$d2021-09-08$g170.00$oKTS1 H.03.006$p20137289$r2021-09-08 00:00:00$w2021-09-08$yBOO
=999  \\$d20307
=533  \\$aDigitized by iGuana, Spring 2025.

