=LDR  01723nam a2200313 a 4500
=001  20308
=003  OI
=005  20250605144308.0
=008  000710s1899\\\\be\\\\\|r\\\\|000\pddut|d
=040  \\$aOI
=041  \\$adut
=100  \\$aWaeri, Karel$d1842-1898$4aut$1http://www.wikidata.org/entity/Q1894239$922175
=245  10$aVerzameling der volledige kluchtige en politieke liederen
=260  \\$aGhent$bWaeri$c1899
=300  \\$a475 pages
=500  \\$aKarel Waeri was a nineteenth-century folk singer, born in Ghent's Veerstraatsang.  Waeri sang politically engaged songs, denouncing the grinding poverty of workers in Ghent, as well as entertaining songs. He was also notorious for his "vettes": comical and erotically ambiguous songs sung later in the evening.
=504  \\$ahttps://geertvandamme.blogspot.com/2017/02/karel-waeri-1842-1898-een-biografische.html

=504  \\$ahttps://literairgent.be/lexicon/waeri-karel
=563  \\$aModern binding
=590  \\$avan Karel Waeri, den Gentschen « Beranger », met bijvoeging van het portret en de beknopte levensbeschrijving van den Gentschen volksdichter door P. Waeri.
=648  \0$a19th Century (1801-1900)$1http://www.wikidata.org/entity/Q6955$920935
=650  \0$aSong$1http://www.wikidata.org/entity/Q7366$94164
=650  \0$aSatire$1http://www.wikidata.org/entity/Q128758$921636
=650  \0$aPoetry$1http://www.wikidata.org/entity/Q482$93026
=651  \0$aGhent (Belgium)$1http://www.wikidata.org/entity/Q1296$920924
=700  \\$aWaeri, Pieter$4edt$922176
=942  \\$cBOO
=952  \\$00$10$2ddc$40$6KTS_1_000000000000000_H_03_009$70$8RAR$920562$aORPH$bORPH$cKTS1_H$d2021-09-08$oKTS1 H.03.009$p20137288$r2021-09-08 00:00:00$w2021-09-08$yBOO
=999  \\$d20308

