=LDR  01516nam a22002777a 4500
=001  20309
=008  210908s1865\\\\\\\|||||\||||\00|\0\fre\d
=041  \\$afre
=100  \\$4aut$aGregoir, Edouard G. J.$d1822-1890$1http://www.wikidata.org/entity/Q3719715$915702
=245  \\$aHistorique de la facture et des facteurs d'orgue
=246  \1$aHistoire de l'orgue
=260  \\$aAntwerp$bdela Montagne$c1865
=300  \\$a286 pages
=500  \\$aPp. 287-302 are missing, but printed out from a modern text and inserted
=561  \\$aEx libris Seminaire St. Jozef Mechelen (Stamp)
=563  \\$aModern binding
=590  \\$aavec la nomenclature des principales orgues placées dans les Pays-Bas et dans les provinces flamandes de la Belgique, suivi de la Galerie biographique d'organistes célèbres et d'une notice sur les maîtres de chapelle et organistes de la cathédrale d'Anvers
=648  \0$a19th Century (1801-1900)$1http://www.wikidata.org/entity/Q6955$920935
=650  \0$aOrgan$1http://www.wikidata.org/entity/Q1444$92810
=650  \0$aOrganist$1http://www.wikidata.org/entity/Q765778$94471
=650  \0$aOrganology$1http://www.wikidata.org/entity/Q899293$921400
=651  \0$aNetherlands$1http://www.wikidata.org/entity/Q55$9173
=651  \0$aFlanders (Belgium)$1http://www.wikidata.org/entity/Q234$989
=942  \\$cBOO
=952  \\$00$10$2ddc$40$6KTS_1_000000000000000_H_03_010$70$8RAR$920563$aORPH$bORPH$cKTS1_H$d2021-09-08$g200.00$oKTS1 H.03.010$p20137287$r2021-09-08 00:00:00$w2021-09-08$yBOO
=999  \\$d20309

