=LDR  01416nam a2200253 u 4500
=001  20310
=005  20250925143306.0
=008  061127s1939\\\\xx\\\\\\r\\\\\000\0\dut\d
=040  \\$aOI
=041  \\$adut
=100  \\$aMonet, August$4aut$922177
=245  14$aEen halve eeuw Nederlands lyrisch tooneel en Vlaamsche opera te Antwerpen:$bherinneringen, feiten, datums, namen, cijfers en anecdoten
=260  \\$a[Antwerp]$bKoninklijke Vlaamsche Opera$c1939
=300  \\$a345 pages: ill.
=500  \\$aContains a brochure announcing the printing of this book, as well as a carte de visite of Bernard Tokkie mention a visit to Monteyne, a necrology of Tokkie, and a card from the Maatschappij der Nederlandse Letterkunde to Monteyne
=561  \\$aEx libris Lode Monteyne (card)
=610  \0$aOpera Ballet Vlaanderen (Ghent and Antwerp, Belgium)$1http://www.wikidata.org/entity/Q2500784$921505
=648  \0$a19th Century (1801-1900)$1http://www.wikidata.org/entity/Q6955$920935
=648  \0$a20th Century (1901-2000)$1http://www.wikidata.org/entity/Q6927$920936
=650  \0$aMusic history$1http://www.wikidata.org/entity/Q846047$921373
=650  \0$aTheater history$1http://www.wikidata.org/entity/Q1061140$94607
=942  \\$cBOO
=952  \\$00$10$2ddc$34 inserts!$40$6TOP_BE_ANT_6_000000000000000$70$8TOP$920564$aORPH$bORPH$cKTS0$d2021-09-08$g60.00$oTOP BE.ANT 6$p20131425$r2021-09-08 00:00:00$w2021-09-08$yBOO
=999  \\$d20310

