=LDR  01544nam a2200313u  4500
=001  20311
=005  20250925143306.0
=008  841105s1911\\\\fr\acg\\\\\\\\000\0\fre\\
=010  \\$aunk84045097 
=040  \\$aOI
=041  \\$afre
=100  \\$aIsnardon, Jacques$d1865-1930$4aut$1http://www.wikidata.org/entity/Q6120660$920411
=245  03$aLe Chant théâtral
=260  \\$aParis$bVieux$c1911
=300  \\$a169 pages
=500  \\$aJacques Isnardon (1860-1930) was a French bass-baritone, writer and voice teacher. His Le Chant Théâtral is as much a memoir of his times as a philosophy of vocal pedagogy.
=500  \\$aContains a beautifully engraved portrait of the author by Robert Kastor (1911)
=561  \\$aAutograph dedication by the author
=648  \0$a19th Century (1801-1900)$1http://www.wikidata.org/entity/Q6955$920935
=648  \0$a20th Century (1901-2000)$1http://www.wikidata.org/entity/Q6927$920936
=650  \0$aPortrait$1http://www.wikidata.org/entity/Q134307$92622
=650  \0$aSinging$1http://www.wikidata.org/entity/Q27939$92767
=650  \0$aOpera$1http://www.wikidata.org/entity/Q1344$92468
=650  \0$aMethod$1http://www.wikidata.org/entity/Q2250960$921402
=651  \0$aFrance$1http://www.wikidata.org/entity/Q142$9131
=856  \\$uhttps://gallica.bnf.fr/view3if/ga/ark:/12148/bpt6k5772942p$3Gallica
=942  \\$cBOO
=952  \\$00$10$2ddc$40$6KTS_1_000000000000000_H_03_007$70$8RAR$920565$aORPH$bORPH$cKTS1_H$d2021-09-08$g55.00$oKTS1 H.03.007$p20137278$r2021-09-08 00:00:00$w2021-09-08$yBOO
=999  \\$d20311

