=LDR  01857nam a22002777a 4500
=001  20313
=008  210908s1846\\\\\\\|||||\||||\00|\0\fre\d
=041  \\$afre
=100  \\$4aut$aTouchard-Lafosse, G.$922179
=245  \\$aChroniques secrètes et galantes de l'Opéra 1667-1845
=260  \\$aParis$bRoux et Cassenet$c1846
=300  \\$a4 vols. (viii-340+366+365+388 pages)
=590  \\$aPar G. Touchard-Lafosse, Auteur des Chroniques de l'Œil de Bœuf, des Réverbères, des Chroniques des Tuileries, etc. etc.
=610  \0$aOpéra (Paris, France)$1http://www.wikidata.org/entity/Q283339$920898
=648  \0$a17th Century (1601-1700)$1http://www.wikidata.org/entity/Q7016$920923
=648  \0$a18th Century (1701-1800)$1http://www.wikidata.org/entity/Q7015$920899
=648  \0$a19th Century (1801-1900)$1http://www.wikidata.org/entity/Q6955$920935
=650  \0$aOpera$1http://www.wikidata.org/entity/Q1344$92468
=650  \0$aMusic history$1http://www.wikidata.org/entity/Q846047$921373
=650  \0$aTheater history$1http://www.wikidata.org/entity/Q1061140$94607
=942  \\$cBOO
=952  \\$00$10$2ddc$3vol. 1$40$6KTS_1_000000000000000_C3_15_30$70$8RAR$920567$aORPH$bORPH$cKTS1_C3$d2021-09-08$g160.00$l0$oKTS1 C3.15 (30)$p20137279$r2021-09-08 00:00:00$w2021-09-08$yBOO
=952  \\$00$10$2ddc$3vol. 2$40$6KTS_1_000000000000000_C3_15_31$70$8RAR$920568$aORPH$bORPH$cKTS1_C3$d2021-09-08$g160.00$l0$oKTS1 C3.15 (31)$p20137285$r2021-09-08 00:00:00$w2021-09-08$yBOO
=952  \\$00$10$2ddc$3vol. 3$40$6KTS_1_000000000000000_C3_15_32$70$8RAR$920569$aORPH$bORPH$cKTS1_C3$d2021-09-08$g160.00$l0$oKTS1 C3.15 (32)$p20137280$r2021-09-08 00:00:00$w2021-09-08$yBOO
=952  \\$00$10$2ddc$3vol. 4$40$6KTS_1_000000000000000_C3_15_33$70$8RAR$920570$aORPH$bORPH$cKTS1_C3$d2021-09-08$g160.00$l0$oKTS1 C3.15 (33)$p20137284$r2021-09-08 00:00:00$w2021-09-08$yBOO
=999  \\$d20313

